
<record>
  <leader>03491cam a22006135i 4500</leader>
  <controlfield tag="001">21325979</controlfield>
  <controlfield tag="005">20200103064545.0</controlfield>
  <controlfield tag="008">191209t20182018ja a          000 0 jpn c</controlfield>
  <datafield tag="906" ind1=" " ind2=" ">
    <subfield code="a">0</subfield>
    <subfield code="b">ibc</subfield>
    <subfield code="c">pccadap</subfield>
    <subfield code="d">3</subfield>
    <subfield code="e">ncip</subfield>
    <subfield code="f">20</subfield>
    <subfield code="g">y-nonroman</subfield>
  </datafield>
  <datafield tag="925" ind1="0" ind2=" ">
    <subfield code="a">acquire</subfield>
    <subfield code="b">1 shelf copy</subfield>
    <subfield code="x">CP 2019-12-03</subfield>
  </datafield>
  <datafield tag="955" ind1=" " ind2=" ">
    <subfield code="b">cf27 2019-12-09 z-processor JACKPHY</subfield>
    <subfield code="i">cf27 2020-01-03</subfield>
  </datafield>
  <datafield tag="010" ind1=" " ind2=" ">
    <subfield code="a">  2019465690</subfield>
  </datafield>
  <datafield tag="020" ind1=" " ind2=" ">
    <subfield code="a">9784622086697</subfield>
    <subfield code="q">(hardcover)</subfield>
  </datafield>
  <datafield tag="020" ind1=" " ind2=" ">
    <subfield code="a">4622086697</subfield>
    <subfield code="q">(hardcover)</subfield>
  </datafield>
  <datafield tag="035" ind1=" " ind2=" ">
    <subfield code="a">(OCoLC)on1020839820</subfield>
  </datafield>
  <datafield tag="040" ind1=" " ind2=" ">
    <subfield code="a">JaToTRC</subfield>
    <subfield code="b">eng</subfield>
    <subfield code="e">rda</subfield>
    <subfield code="c">TRCLS</subfield>
    <subfield code="d">LOA</subfield>
    <subfield code="d">ERASA</subfield>
    <subfield code="d">EYM</subfield>
    <subfield code="d">OCLCO</subfield>
    <subfield code="d">OCLCF</subfield>
    <subfield code="d">YUS</subfield>
    <subfield code="d">OSU</subfield>
    <subfield code="d">PAU</subfield>
    <subfield code="d">EQO</subfield>
    <subfield code="d">AU@</subfield>
    <subfield code="d">ZCU</subfield>
    <subfield code="d">OCLCO</subfield>
    <subfield code="d">BMF</subfield>
    <subfield code="d">NDD</subfield>
    <subfield code="d">OCLCQ</subfield>
    <subfield code="d">DLC</subfield>
  </datafield>
  <datafield tag="041" ind1="0" ind2=" ">
    <subfield code="a">jpn</subfield>
    <subfield code="a">eng</subfield>
  </datafield>
  <datafield tag="042" ind1=" " ind2=" ">
    <subfield code="a">pcc</subfield>
  </datafield>
  <datafield tag="043" ind1=" " ind2=" ">
    <subfield code="a">a-ja---</subfield>
  </datafield>
  <datafield tag="050" ind1="0" ind2="0">
    <subfield code="a">DS894.39.F8385</subfield>
    <subfield code="b">T782 2018</subfield>
  </datafield>
  <datafield tag="066" ind1=" " ind2=" ">
    <subfield code="c">$1</subfield>
  </datafield>
  <datafield tag="084" ind1=" " ind2=" ">
    <subfield code="a">748</subfield>
    <subfield code="2">njb/9</subfield>
  </datafield>
  <datafield tag="100" ind1="1" ind2=" ">
    <subfield code="6">880-01</subfield>
    <subfield code="a">Tsuchida, Hiromi,</subfield>
    <subfield code="d">1939-</subfield>
    <subfield code="e">photographer.</subfield>
  </datafield>
  <datafield tag="880" ind1="1" ind2=" ">
    <subfield code="6">100-01/$1</subfield>
    <subfield code="a">土田ヒロミ,</subfield>
    <subfield code="d">1939-</subfield>
    <subfield code="e">photographer.</subfield>
  </datafield>
  <datafield tag="240" ind1="1" ind2="0">
    <subfield code="a">Photograhs.</subfield>
    <subfield code="k">Selections</subfield>
  </datafield>
  <datafield tag="245" ind1="1" ind2="0">
    <subfield code="6">880-02</subfield>
    <subfield code="a">Fukushima =</subfield>
    <subfield code="b">Fukushima 2011-2017 /</subfield>
    <subfield code="c">Tsuchida Hiromi.</subfield>
  </datafield>
  <datafield tag="880" ind1="1" ind2="0">
    <subfield code="6">245-02/$1</subfield>
    <subfield code="a">フクシマ =</subfield>
    <subfield code="b">Fukushima 2011-2017 /</subfield>
    <subfield code="c">土田ヒロミ.</subfield>
  </datafield>
  <datafield tag="246" ind1="1" ind2=" ">
    <subfield code="i">English title from title page verso</subfield>
    <subfield code="a">Fukushima 2011-2017</subfield>
  </datafield>
  <datafield tag="264" ind1=" " ind2="1">
    <subfield code="6">880-04</subfield>
    <subfield code="a">Tōkyō :</subfield>
    <subfield code="b">Misuzu Shobō,</subfield>
    <subfield code="c">2018.</subfield>
  </datafield>
  <datafield tag="880" ind1=" " ind2="1">
    <subfield code="6">264-04/$1</subfield>
    <subfield code="a">東京 :</subfield>
    <subfield code="b">みすず書房,</subfield>
    <subfield code="c">2018.</subfield>
  </datafield>
  <datafield tag="264" ind1=" " ind2="4">
    <subfield code="c">©2018</subfield>
  </datafield>
  <datafield tag="300" ind1=" " ind2=" ">
    <subfield code="a">195 pages :</subfield>
    <subfield code="b">illustrations (chefly color) ;</subfield>
    <subfield code="c">31 cm</subfield>
  </datafield>
  <datafield tag="336" ind1=" " ind2=" ">
    <subfield code="a">text</subfield>
    <subfield code="b">txt</subfield>
    <subfield code="2">rdacontent</subfield>
  </datafield>
  <datafield tag="336" ind1=" " ind2=" ">
    <subfield code="a">still image</subfield>
    <subfield code="b">sti</subfield>
    <subfield code="2">rdacontent</subfield>
  </datafield>
  <datafield tag="337" ind1=" " ind2=" ">
    <subfield code="a">unmediated</subfield>
    <subfield code="b">n</subfield>
    <subfield code="2">rdamedia</subfield>
  </datafield>
  <datafield tag="338" ind1=" " ind2=" ">
    <subfield code="a">volume</subfield>
    <subfield code="b">nc</subfield>
    <subfield code="2">rdacarrier</subfield>
  </datafield>
  <datafield tag="380" ind1=" " ind2=" ">
    <subfield code="a">Photobooks</subfield>
    <subfield code="2">lcgft</subfield>
  </datafield>
  <datafield tag="546" ind1=" " ind2=" ">
    <subfield code="a">In Japanese and English.</subfield>
  </datafield>
  <datafield tag="520" ind1="8" ind2=" ">
    <subfield code="a">On March 11, 2011, Fukushima Prefecture was struck by an earthquake, a tsunami. A resulting nuclear accident caused large areas of land - where humans had for centuries co-existed with and cultivated the nature - would suddenly become uninhabitable. Using remote-controlled flying drones, photographer Shoji Tsuchida began a longlasting documentation project.0In his photobook Fukushima 2011-2017, Tsuchida contrasts scenes taken soon after the catastrophe with pictures taken years later at the exact same location, and thereby carves out the manifold changes that previously habitated landscapes have already undergone in the absence of human life.0?This photo collection is a chronicle of the breakdown of the symbiotic relationship between human beings and nature. The scenes it depicts may presage the future of a civilization that has been relentless in its pursuit of material wealth at all costs. Through these artistically stunning photographs one can hear the lament of the land they portray.?0? From the publisher?s statement.</subfield>
  </datafield>
  <datafield tag="651" ind1=" " ind2="0">
    <subfield code="a">Fukushima-ken (Japan)</subfield>
    <subfield code="x">History</subfield>
    <subfield code="y">21st century</subfield>
    <subfield code="v">Pictorial works.</subfield>
  </datafield>
  <datafield tag="650" ind1=" " ind2="0">
    <subfield code="a">Documentary photography</subfield>
    <subfield code="z">Japan</subfield>
    <subfield code="z">Fukushima-ken.</subfield>
  </datafield>
  <datafield tag="650" ind1=" " ind2="0">
    <subfield code="a">Photography, Artistic.</subfield>
  </datafield>
  <datafield tag="650" ind1=" " ind2="7">
    <subfield code="a">Documentary photography.</subfield>
    <subfield code="2">fast</subfield>
    <subfield code="0">(OCoLC)fst00896093</subfield>
  </datafield>
  <datafield tag="650" ind1=" " ind2="7">
    <subfield code="a">Photography, Artistic.</subfield>
    <subfield code="2">fast</subfield>
    <subfield code="0">(OCoLC)fst01061964</subfield>
  </datafield>
  <datafield tag="651" ind1=" " ind2="7">
    <subfield code="a">Japan.</subfield>
    <subfield code="2">fast</subfield>
    <subfield code="0">(OCoLC)fst01204082</subfield>
  </datafield>
  <datafield tag="651" ind1=" " ind2="7">
    <subfield code="a">Japan</subfield>
    <subfield code="z">Fukushima-ken.</subfield>
    <subfield code="2">fast</subfield>
    <subfield code="0">(OCoLC)fst01208986</subfield>
  </datafield>
  <datafield tag="648" ind1=" " ind2="7">
    <subfield code="a">2000-2099</subfield>
    <subfield code="2">fast</subfield>
  </datafield>
  <datafield tag="655" ind1=" " ind2="7">
    <subfield code="a">History.</subfield>
    <subfield code="2">fast</subfield>
    <subfield code="0">(OCoLC)fst01411628</subfield>
  </datafield>
  <datafield tag="655" ind1=" " ind2="7">
    <subfield code="a">Photobooks.</subfield>
    <subfield code="2">fast</subfield>
    <subfield code="0">(OCoLC)fst01919950</subfield>
  </datafield>
  <datafield tag="655" ind1=" " ind2="7">
    <subfield code="a">Pictorial works.</subfield>
    <subfield code="2">fast</subfield>
    <subfield code="0">(OCoLC)fst01423874</subfield>
  </datafield>
  <datafield tag="650" ind1="0" ind2="7">
    <subfield code="a">Fukushimaken-Shashinshū.</subfield>
    <subfield code="2">jlabsh/4</subfield>
  </datafield>
  <datafield tag="650" ind1="0" ind2="7">
    <subfield code="a">Fukushima daiichi genshiryoku hatsudensho jiko-Shashinshū.</subfield>
    <subfield code="2">jlabsh/4</subfield>
  </datafield>
  <datafield tag="655" ind1=" " ind2="7">
    <subfield code="a">Photobooks.</subfield>
    <subfield code="2">lcgft</subfield>
  </datafield>
  <datafield tag="923" ind1=" " ind2=" ">
    <subfield code="d">20191012</subfield>
    <subfield code="n">122-31899869</subfield>
    <subfield code="s">JPTC</subfield>
  </datafield>
</record>