
<record>
  <leader>02850cam a22003618i 4500</leader>
  <controlfield tag="001">21326731</controlfield>
  <controlfield tag="005">20200103161353.0</controlfield>
  <controlfield tag="008">191209s2020    enk      b    001 0 eng  </controlfield>
  <datafield tag="906" ind1=" " ind2=" ">
    <subfield code="a">0</subfield>
    <subfield code="b">ibc</subfield>
    <subfield code="c">orignew</subfield>
    <subfield code="d">1</subfield>
    <subfield code="e">ecip</subfield>
    <subfield code="f">20</subfield>
    <subfield code="g">y-gencatlg</subfield>
  </datafield>
  <datafield tag="925" ind1="0" ind2=" ">
    <subfield code="a">acquire</subfield>
    <subfield code="b">1 shelf copy</subfield>
    <subfield code="x">policy default</subfield>
  </datafield>
  <datafield tag="955" ind1=" " ind2=" ">
    <subfield code="b">xk13 2019-12-09 ;</subfield>
    <subfield code="i">xk13 2019-12-09 (telework) HOLD: to PTCP (CLED/SHED);</subfield>
    <subfield code="e">td14 2020-01-03 to Dewey</subfield>
  </datafield>
  <datafield tag="010" ind1=" " ind2=" ">
    <subfield code="a">  2019051735</subfield>
  </datafield>
  <datafield tag="020" ind1=" " ind2=" ">
    <subfield code="a">9781138337640</subfield>
    <subfield code="q">(hardback)</subfield>
  </datafield>
  <datafield tag="020" ind1=" " ind2=" ">
    <subfield code="a">9781138337664</subfield>
    <subfield code="q">(paperback)</subfield>
  </datafield>
  <datafield tag="020" ind1=" " ind2=" ">
    <subfield code="z">9780429437748</subfield>
    <subfield code="q">(ebook)</subfield>
  </datafield>
  <datafield tag="040" ind1=" " ind2=" ">
    <subfield code="a">DLC</subfield>
    <subfield code="b">eng</subfield>
    <subfield code="e">rda</subfield>
    <subfield code="c">DLC</subfield>
  </datafield>
  <datafield tag="042" ind1=" " ind2=" ">
    <subfield code="a">pcc</subfield>
  </datafield>
  <datafield tag="050" ind1="0" ind2="0">
    <subfield code="a">PN4784.I46</subfield>
    <subfield code="b">I55 2020</subfield>
  </datafield>
  <datafield tag="245" ind1="0" ind2="0">
    <subfield code="a">Immersive journalism as storytelling :</subfield>
    <subfield code="b">ethics, production and design /</subfield>
    <subfield code="c">edited by Turo Uskali, Astrid Gynnild, Sarah Jones, Esa Sirkkunen.</subfield>
  </datafield>
  <datafield tag="263" ind1=" " ind2=" ">
    <subfield code="a">2005</subfield>
  </datafield>
  <datafield tag="264" ind1=" " ind2="1">
    <subfield code="a">London ;</subfield>
    <subfield code="a">New York :</subfield>
    <subfield code="b">Routledge,</subfield>
    <subfield code="c">2020.</subfield>
  </datafield>
  <datafield tag="300" ind1=" " ind2=" ">
    <subfield code="a">pages cm</subfield>
  </datafield>
  <datafield tag="336" ind1=" " ind2=" ">
    <subfield code="a">text</subfield>
    <subfield code="b">txt</subfield>
    <subfield code="2">rdacontent</subfield>
  </datafield>
  <datafield tag="337" ind1=" " ind2=" ">
    <subfield code="a">unmediated</subfield>
    <subfield code="b">n</subfield>
    <subfield code="2">rdamedia</subfield>
  </datafield>
  <datafield tag="338" ind1=" " ind2=" ">
    <subfield code="a">volume</subfield>
    <subfield code="b">nc</subfield>
    <subfield code="2">rdacarrier</subfield>
  </datafield>
  <datafield tag="504" ind1=" " ind2=" ">
    <subfield code="a">Includes bibliographical references and index.</subfield>
  </datafield>
  <datafield tag="520" ind1=" " ind2=" ">
    <subfield code="a">&quot;This book provides new research and examines future prospects on 360-degree video, virtual reality (VR) and augmented reality (AR) in journalism, analyzing and discussing virtual world experiments from a range of perspectives. While virtual world experiences, accessed via headsets and mobile devices are flowing, news organisations are increasingly experimenting with immersive tools in their storytelling. Immersive journalism has the potential to reach new audiences, change the way stories are told and provide more interactivity within the news industry. It can generate deeper emotional reactions and global perspectives, but also diversify and upskill the news industry. At the same time, immersive storytelling calls for re-discussing issues of journalism ethics and truthfulness, transparency, privacy, manipulation and surveillance. What does it mean to cover reality when a story is told in virtual reality? The book draws on research from scholars around the world highlighting the opportunities of immersive journalism whilst acknowledging the challenges and concerns it brings. The chapters are grounded in empirical data including content analyses, expert interviews, and case studies. The book is written for journalism teachers, educators and students as well as scholars, politicians, lawmakers, and citizens with an interest in emerging technologies for media practice&quot;--</subfield>
    <subfield code="c">Provided by publisher.</subfield>
  </datafield>
  <datafield tag="650" ind1=" " ind2="0">
    <subfield code="a">Immersive journalism.</subfield>
  </datafield>
  <datafield tag="700" ind1="1" ind2=" ">
    <subfield code="a">Uskali, Turo,</subfield>
    <subfield code="e">editor.</subfield>
  </datafield>
  <datafield tag="700" ind1="1" ind2=" ">
    <subfield code="a">Gynnild, Astrid,</subfield>
    <subfield code="d">1959-</subfield>
    <subfield code="e">editor.</subfield>
  </datafield>
  <datafield tag="700" ind1="1" ind2=" ">
    <subfield code="a">Jones, Sarah,</subfield>
    <subfield code="c">(Professor of media technology)</subfield>
    <subfield code="e">editor.</subfield>
  </datafield>
  <datafield tag="700" ind1="1" ind2=" ">
    <subfield code="a">Sirkkunen, Esa,</subfield>
    <subfield code="e">editor.</subfield>
  </datafield>
  <datafield tag="776" ind1="0" ind2="8">
    <subfield code="i">Online version:</subfield>
    <subfield code="t">Immersive journalism as storytelling</subfield>
    <subfield code="d">London ; New York : Routledge, 2020.</subfield>
    <subfield code="z">9780429437748</subfield>
    <subfield code="w">(DLC) 2019051736</subfield>
  </datafield>
</record>