
<record>
  <leader>04085cam a22003857i 4500</leader>
  <controlfield tag="001">21327742</controlfield>
  <controlfield tag="005">20200103114005.0</controlfield>
  <controlfield tag="008">191209s2019    hiua     b   f001 0 eng d</controlfield>
  <datafield tag="906" ind1=" " ind2=" ">
    <subfield code="a">7</subfield>
    <subfield code="b">cbc</subfield>
    <subfield code="c">copycat</subfield>
    <subfield code="d">2</subfield>
    <subfield code="e">ncip</subfield>
    <subfield code="f">20</subfield>
    <subfield code="g">y-gencatlg</subfield>
  </datafield>
  <datafield tag="925" ind1="0" ind2=" ">
    <subfield code="a">acquire</subfield>
    <subfield code="b">1 shelf copy</subfield>
    <subfield code="x">policy default</subfield>
  </datafield>
  <datafield tag="955" ind1=" " ind2=" ">
    <subfield code="b">hk09 2019-12-09 z-processor</subfield>
    <subfield code="i">hk15 2020-01-03 to Dewey</subfield>
  </datafield>
  <datafield tag="010" ind1=" " ind2=" ">
    <subfield code="a">  2019410139</subfield>
  </datafield>
  <datafield tag="020" ind1=" " ind2=" ">
    <subfield code="a">9780977324651</subfield>
    <subfield code="q">paperback</subfield>
  </datafield>
  <datafield tag="020" ind1=" " ind2=" ">
    <subfield code="a">0977324656</subfield>
    <subfield code="q">paperback</subfield>
  </datafield>
  <datafield tag="035" ind1=" " ind2=" ">
    <subfield code="a">(OCoLC)on1126574699</subfield>
  </datafield>
  <datafield tag="040" ind1=" " ind2=" ">
    <subfield code="a">AVF</subfield>
    <subfield code="b">eng</subfield>
    <subfield code="c">AVF</subfield>
    <subfield code="e">rda</subfield>
    <subfield code="d">DLC</subfield>
  </datafield>
  <datafield tag="042" ind1=" " ind2=" ">
    <subfield code="a">lccopycat</subfield>
  </datafield>
  <datafield tag="043" ind1=" " ind2=" ">
    <subfield code="a">a-cc---</subfield>
  </datafield>
  <datafield tag="050" ind1="0" ind2="0">
    <subfield code="a">DS779.47</subfield>
    <subfield code="b">.M43 2019</subfield>
  </datafield>
  <datafield tag="100" ind1="1" ind2=" ">
    <subfield code="a">McDonald, Scott D.,</subfield>
    <subfield code="e">editor.</subfield>
  </datafield>
  <datafield tag="245" ind1="1" ind2="0">
    <subfield code="a">China&apos;s global influence :</subfield>
    <subfield code="b">perspectives and recommendations /</subfield>
    <subfield code="c">edited by Scott D. McDonald and Michael C. Burgoyne.</subfield>
  </datafield>
  <datafield tag="264" ind1=" " ind2="0">
    <subfield code="a">Honolulu, Hawaii :</subfield>
    <subfield code="b">Daniel K. Inouye Asia-Pacific Center for Security Studies,</subfield>
    <subfield code="c">2019.</subfield>
  </datafield>
  <datafield tag="300" ind1=" " ind2=" ">
    <subfield code="a">307 pages :</subfield>
    <subfield code="b">illustrations ;</subfield>
    <subfield code="c">23 cm</subfield>
  </datafield>
  <datafield tag="336" ind1=" " ind2=" ">
    <subfield code="a">text</subfield>
    <subfield code="b">txt</subfield>
    <subfield code="2">rdacontent</subfield>
  </datafield>
  <datafield tag="337" ind1=" " ind2=" ">
    <subfield code="a">unmediated</subfield>
    <subfield code="b">n</subfield>
    <subfield code="2">rdamedia</subfield>
  </datafield>
  <datafield tag="338" ind1=" " ind2=" ">
    <subfield code="a">volume</subfield>
    <subfield code="b">nc</subfield>
    <subfield code="2">rdacarrier</subfield>
  </datafield>
  <datafield tag="504" ind1=" " ind2=" ">
    <subfield code="a">Includes bibliographical references (pages 263-296) and index.</subfield>
  </datafield>
  <datafield tag="505" ind1="0" ind2="0">
    <subfield code="g">Introduction /</subfield>
    <subfield code="r">Scott D. McDonald and Michael C. Burgoyne --</subfield>
    <subfield code="t">Part 1: Strategic Competition --</subfield>
    <subfield code="t">1. [Zhànlüè jìngzhēng]?--Strategic Competition? / Scott D. McDonald --</subfield>
    <subfield code="t">2. Xi&apos;s Vision for Transforming Global Governance: A Strategic Challenge for Washington and Its Allies /</subfield>
    <subfield code="r">Liza Tobin --</subfield>
    <subfield code="t">Part 2: Regional Context --</subfield>
    <subfield code="t">3. China&apos;s Foreign Policy in the Indo-Pacific Region and US Interests /</subfield>
    <subfield code="r">Dr. Sungmin Cho --</subfield>
    <subfield code="t">4. China and South Asia /</subfield>
    <subfield code="r">John H. Gill --</subfield>
    <subfield code="t">5. Chinese Foreign Policy towards Russia and Eurasia /</subfield>
    <subfield code="r">Dr. Graeme Herd --</subfield>
    <subfield code="t">6. Chinese Relations with the Middle East and North Africa /</subfield>
    <subfield code="r">Dr. Gawdat Bahgat --</subfield>
    <subfield code="t">7. China in Africa: Opportunities, Challenges, and Options /</subfield>
    <subfield code="r">Amb. Phillip Carter III, Dr. Raymond Gilpin, and Paul Nantulya --</subfield>
    <subfield code="t">8. China and Europe /</subfield>
    <subfield code="r">Dr. Valbona Zeneli --</subfield>
    <subfield code="t">9. Understanding and Responding to Chinese Activities in Latin America and the Caribbean /</subfield>
    <subfield code="r">Dr. R. Evan Ellis --</subfield>
    <subfield code="t">Part 3: Tools of Influence --</subfield>
    <subfield code="t">10. China&apos;s Strategic Messaging: What It Is, How It Works, and How to Respond to It /</subfield>
    <subfield code="r">Dr. Alexander L. Vuving --</subfield>
    <subfield code="t">11. China&apos;s Economic Coercion /</subfield>
    <subfield code="r">Frank Mouritz --</subfield>
    <subfield code="t">12. Understanding China&apos; Legal Gamesmanship in the Rules-Based Global Order /</subfield>
    <subfield code="r">Jonathan G. Odom, J.D., LL.M. --</subfield>
    <subfield code="t">13. China&apos;s Military Diplomacy /</subfield>
    <subfield code="r">Dr. Phillip C. Saunders and Jiunwei Shyy --</subfield>
    <subfield code="t">14. Technology and Innovation in China&apos;s Strategy and Global Influence /</subfield>
    <subfield code="r">Elsa B. Kania --</subfield>
    <subfield code="t">Synthesis /</subfield>
    <subfield code="r">Scott D. McDonald and Michael C. Burgoyne</subfield>
  </datafield>
  <datafield tag="520" ind1=" " ind2=" ">
    <subfield code="a">&quot;From 20 January to 1 February 2019 the Daniel K. Inouye Asia-Pacific Center for Security Studies hosted a Department of Defense Regional Center collaboration titled &quot;China&apos;s Global Reach: A Security Assessment.&quot; The goal of the workshop was to leverage expertise and unique perspectives from all five Department of Defense Regional Centers to examine the actions and intentions of the People&apos;s Republic of China. To understand how these global activities impact the United States, this analysis was conducted within the context of the PRC&apos;s perspective of its own foreigh policy and in an environment defined by strategic competition, as referenced in the 2017 National Security Strategy and 2018 National Defense Strategy. The workshop leveraged the insights gained from a broad range of experts to formulate policy recommendations for defending state interests in the face of growing PRC assertiveness. The scholarship, insights, and recommendations of the participants are collected in this volume for the benefit of policy-makers, practitioners, and scholars&quot;--</subfield>
    <subfield code="c">Source other than Library of Congress.</subfield>
  </datafield>
  <datafield tag="651" ind1=" " ind2="0">
    <subfield code="a">China</subfield>
    <subfield code="x">Foreign relations</subfield>
    <subfield code="y">21st century.</subfield>
  </datafield>
  <datafield tag="651" ind1=" " ind2="0">
    <subfield code="a">China</subfield>
    <subfield code="x">Economic policy</subfield>
    <subfield code="y">2000-</subfield>
  </datafield>
  <datafield tag="651" ind1=" " ind2="0">
    <subfield code="a">China</subfield>
    <subfield code="x">Politics and government.</subfield>
  </datafield>
  <datafield tag="700" ind1="1" ind2=" ">
    <subfield code="a">Burgoyne, Michael C.,</subfield>
    <subfield code="e">editor.</subfield>
  </datafield>
  <datafield tag="710" ind1="2" ind2=" ">
    <subfield code="a">Daniel K. Inouye Asia-Pacific Center for Security Studies,</subfield>
    <subfield code="e">issuing body.</subfield>
  </datafield>
  <datafield tag="856" ind1="4" ind2="0">
    <subfield code="u">http://apcss.org/wp-content/uploads/2019/10/CHINA-GLOBAL-INFLUENCE-revised-final.pdf</subfield>
  </datafield>
</record>