
<record>
  <leader>03266ccm a2200397 i 4500</leader>
  <controlfield tag="001">21331705</controlfield>
  <controlfield tag="005">20200103174707.0</controlfield>
  <controlfield tag="008">191210m18001809enkovl|        n  | zxx  </controlfield>
  <datafield tag="906" ind1=" " ind2=" ">
    <subfield code="a">7</subfield>
    <subfield code="b">cbc</subfield>
    <subfield code="c">premver</subfield>
    <subfield code="d">2</subfield>
    <subfield code="e">ncip</subfield>
    <subfield code="f">20</subfield>
    <subfield code="g">y-genmusic</subfield>
  </datafield>
  <datafield tag="955" ind1=" " ind2=" ">
    <subfield code="i">vk39 2019-12-10</subfield>
  </datafield>
  <datafield tag="035" ind1=" " ind2=" ">
    <subfield code="9">(DLC)unk84192466</subfield>
  </datafield>
  <datafield tag="010" ind1=" " ind2=" ">
    <subfield code="a">  2018571487</subfield>
  </datafield>
  <datafield tag="040" ind1=" " ind2=" ">
    <subfield code="a">DLC</subfield>
    <subfield code="b">eng</subfield>
    <subfield code="e">rda</subfield>
    <subfield code="c">CarP</subfield>
    <subfield code="d">DLC</subfield>
  </datafield>
  <datafield tag="050" ind1="0" ind2="0">
    <subfield code="a">M35</subfield>
    <subfield code="b">.O</subfield>
  </datafield>
  <datafield tag="100" ind1="1" ind2=" ">
    <subfield code="a">Mazzinghi, Joseph,</subfield>
    <subfield code="d">1765-1844,</subfield>
    <subfield code="e">composer.</subfield>
  </datafield>
  <datafield tag="240" ind1="1" ind2="0">
    <subfield code="a">Paul and Virginia.</subfield>
    <subfield code="p">Overture;</subfield>
    <subfield code="o">arranged</subfield>
  </datafield>
  <datafield tag="245" ind1="1" ind2="4">
    <subfield code="a">The favorite overture to Paul and Virginia :</subfield>
    <subfield code="b">performed at the Theatre Royal, Covent Garden /</subfield>
    <subfield code="c">composed by J. Mazzinghi.</subfield>
  </datafield>
  <datafield tag="264" ind1=" " ind2="1">
    <subfield code="a">London :</subfield>
    <subfield code="b">Goulding, Phillips &amp; D&apos;Almaine,</subfield>
    <subfield code="c">[between 1800 and 1809]</subfield>
  </datafield>
  <datafield tag="300" ind1=" " ind2=" ">
    <subfield code="a">1 score (5 pages) ;</subfield>
    <subfield code="c">32 cm</subfield>
  </datafield>
  <datafield tag="336" ind1=" " ind2=" ">
    <subfield code="a">notated music</subfield>
    <subfield code="b">ntm</subfield>
    <subfield code="2">rdacontent</subfield>
  </datafield>
  <datafield tag="337" ind1=" " ind2=" ">
    <subfield code="a">unmediated</subfield>
    <subfield code="b">n</subfield>
    <subfield code="2">rdamedia</subfield>
  </datafield>
  <datafield tag="338" ind1=" " ind2=" ">
    <subfield code="a">volume</subfield>
    <subfield code="b">nc</subfield>
    <subfield code="2">rdacarrier</subfield>
  </datafield>
  <datafield tag="382" ind1="0" ind2="1">
    <subfield code="a">keyboard instrument</subfield>
    <subfield code="n">1</subfield>
    <subfield code="s">1</subfield>
    <subfield code="2">lcmpt</subfield>
  </datafield>
  <datafield tag="500" ind1=" " ind2=" ">
    <subfield code="a">Arranged for keyboard instrument.</subfield>
  </datafield>
  <datafield tag="546" ind1=" " ind2=" ">
    <subfield code="b">Staff notation.</subfield>
  </datafield>
  <datafield tag="500" ind1=" " ind2=" ">
    <subfield code="a">Date of publication inferred from publisher&apos;s address.</subfield>
  </datafield>
  <datafield tag="510" ind1="4" ind2=" ">
    <subfield code="a">RISM (Répertoire international des sources musicales),</subfield>
    <subfield code="c">A/I, M 1560</subfield>
  </datafield>
  <datafield tag="510" ind1="4" ind2=" ">
    <subfield code="a">RISM (Répertoire international des sources musicales),</subfield>
    <subfield code="c">990040250</subfield>
    <subfield code="u">https://opac.rism.info/search?id=990040250&amp;View=rism</subfield>
  </datafield>
  <datafield tag="541" ind1=" " ind2=" ">
    <subfield code="c">Gift;</subfield>
    <subfield code="a">Bertram Smith;</subfield>
    <subfield code="d">1933 March 10.</subfield>
    <subfield code="5">DLC</subfield>
  </datafield>
  <datafield tag="501" ind1=" " ind2=" ">
    <subfield code="a">With: Overture to Harlequin &amp; Oberon / compos&apos;d by W. Reeve. London : G. Goulding, [1796?] -- The favorite overture to Harlequin &amp; Quixotte : performed at the Theatre Royal Covent Garden / composed by Wm. Reeve. London : G. Goulding, [1797] -- The favorite overture to the opera of Kais, or Love in the deserts : as performed at the Theatre Royal Drury Lane / composed by William Reeve. London: Goulding, Phipps, d&apos;Almaine &amp; Co., [1808] -- The favorite overture to the Turnpike gate : performed at the Theatre Royal Covent Garden / composed &amp; arranged for the piano forte by William Reeve. London : Goulding, D&apos;Almaine, Potter &amp; Co., [between 1811 and 1816] -- The favorite overture to the Round tower : accompanied on the harp by Mr. Weippart / composed by Mr. Reeve. London : Goulding, D&apos;Almaine, Potter &amp; Co., [between 1811 and 1816] -- Overture to Oscar &amp; Malvina : with the Highland march and battle pieces / composed by Wm. Reeve. London : Goulding, D&apos;Almaine, Potter &amp; Co., [between 1811 and 1816] -- Overture to Hero and Leander / composed by Wm. Reeve. Covent Garden, [London] : G. Goulding, [1787] -- A celebrated overture : arranged for the piano forte with an accompaniment for a flute or violin (ad libitum) / [Sigr. Anfossi]. London : Goulding, Phipps &amp; D&apos;Almaine, [between 1799 and 1805] -- Overture to The Americans : performed at the Theatre Royal Lyceum / composed by M.P. King. London : Goulding, D&apos;Almaine, Potter &amp; Co., [1811?] -- A favorite overture for the harpsichord or piano forte : no. 45 / composed by C. Vanhall. London : Goulding, Phipps, D&apos;Almaine &amp; Co., [between 1806 and 1810]. Bound together subsequent to publication.</subfield>
    <subfield code="5">DLC</subfield>
  </datafield>
  <datafield tag="650" ind1=" " ind2="0">
    <subfield code="a">Overtures (Keyboard instrument), Arranged.</subfield>
  </datafield>
  <datafield tag="655" ind1=" " ind2="7">
    <subfield code="a">Overtures.</subfield>
    <subfield code="2">lcgft</subfield>
  </datafield>
  <datafield tag="655" ind1=" " ind2="7">
    <subfield code="a">Arrangements (Music)</subfield>
    <subfield code="2">lcgft</subfield>
  </datafield>
  <datafield tag="655" ind1=" " ind2="7">
    <subfield code="a">Scores.</subfield>
    <subfield code="2">lcgft</subfield>
  </datafield>
  <datafield tag="985" ind1=" " ind2=" ">
    <subfield code="a">musRISM</subfield>
    <subfield code="e">musRISM2019</subfield>
  </datafield>
  <datafield tag="991" ind1=" " ind2=" ">
    <subfield code="b">c-Music</subfield>
    <subfield code="h">M35</subfield>
    <subfield code="i">.O (Case)</subfield>
    <subfield code="t">Copy 1</subfield>
    <subfield code="w">PREM</subfield>
  </datafield>
</record>