
<record>
  <leader>02570cam a22003258i 4500</leader>
  <controlfield tag="001">21334974</controlfield>
  <controlfield tag="005">20200103134939.0</controlfield>
  <controlfield tag="008">191213s2020    nyu           000 1 eng  </controlfield>
  <datafield tag="906" ind1=" " ind2=" ">
    <subfield code="a">7</subfield>
    <subfield code="b">cbc</subfield>
    <subfield code="c">orignew</subfield>
    <subfield code="d">1</subfield>
    <subfield code="e">ecip</subfield>
    <subfield code="f">20</subfield>
    <subfield code="g">y-gencatlg</subfield>
  </datafield>
  <datafield tag="925" ind1="0" ind2=" ">
    <subfield code="a">Acquire</subfield>
    <subfield code="b">1 shelf copy</subfield>
    <subfield code="x">policy default</subfield>
  </datafield>
  <datafield tag="955" ind1=" " ind2=" ">
    <subfield code="b">xk15 2019-12-13 (telework)</subfield>
    <subfield code="i">xk15 2019-12-13 (telework) to CIP</subfield>
  </datafield>
  <datafield tag="010" ind1=" " ind2=" ">
    <subfield code="a">  2019056842</subfield>
  </datafield>
  <datafield tag="020" ind1=" " ind2=" ">
    <subfield code="a">9780525577126</subfield>
    <subfield code="q">(hardcover : acid-free paper)</subfield>
  </datafield>
  <datafield tag="020" ind1=" " ind2=" ">
    <subfield code="z">9780525577140</subfield>
    <subfield code="q">(ebook)</subfield>
  </datafield>
  <datafield tag="040" ind1=" " ind2=" ">
    <subfield code="a">DLC</subfield>
    <subfield code="b">eng</subfield>
    <subfield code="e">rda</subfield>
    <subfield code="c">DLC</subfield>
  </datafield>
  <datafield tag="042" ind1=" " ind2=" ">
    <subfield code="a">pcc</subfield>
  </datafield>
  <datafield tag="050" ind1="0" ind2="0">
    <subfield code="a">PR9499.4.B376</subfield>
    <subfield code="b">D47 2020</subfield>
  </datafield>
  <datafield tag="082" ind1="0" ind2="0">
    <subfield code="a">823/.92</subfield>
    <subfield code="2">23</subfield>
  </datafield>
  <datafield tag="100" ind1="1" ind2=" ">
    <subfield code="a">Basu, Diksha,</subfield>
    <subfield code="e">author.</subfield>
  </datafield>
  <datafield tag="245" ind1="1" ind2="0">
    <subfield code="a">Destination wedding :</subfield>
    <subfield code="b">a novel /</subfield>
    <subfield code="c">Diksha Basu.</subfield>
  </datafield>
  <datafield tag="250" ind1=" " ind2=" ">
    <subfield code="a">First edition.</subfield>
  </datafield>
  <datafield tag="263" ind1=" " ind2=" ">
    <subfield code="a">2007</subfield>
  </datafield>
  <datafield tag="264" ind1=" " ind2="1">
    <subfield code="a">New York :</subfield>
    <subfield code="b">Ballantine Books,</subfield>
    <subfield code="c">[2020]</subfield>
  </datafield>
  <datafield tag="300" ind1=" " ind2=" ">
    <subfield code="a">pages ; cm</subfield>
  </datafield>
  <datafield tag="336" ind1=" " ind2=" ">
    <subfield code="a">text</subfield>
    <subfield code="b">txt</subfield>
    <subfield code="2">rdacontent</subfield>
  </datafield>
  <datafield tag="337" ind1=" " ind2=" ">
    <subfield code="a">unmediated</subfield>
    <subfield code="b">n</subfield>
    <subfield code="2">rdamedia</subfield>
  </datafield>
  <datafield tag="338" ind1=" " ind2=" ">
    <subfield code="a">volume</subfield>
    <subfield code="b">nc</subfield>
    <subfield code="2">rdacarrier</subfield>
  </datafield>
  <datafield tag="520" ind1=" " ind2=" ">
    <subfield code="a">&quot;From the internationally bestselling author of The Windfall. . . . What could go wrong at a lavish Indian wedding with your best friend and your entire family? Tina Das wants to belong, but she just isn&apos;t sure where. India or America? Brooklyn or Bombay? Manhattan or Delhi? Or start from scratch in London--she still has fond memories of her one-night stand with Rocco Gallagher, the handsome Australian, as they traipsed through Covent Garden and Seven Dials, but he never called back so maybe it&apos;s time to let that dream go, and focus on finding the next big story for her streaming network instead. She&apos;s hoping she&apos;ll find it at her cousin&apos;s lavish, weeklong Delhi wedding, and has taken her best friend Marianne Laing along for the ride to Delhi&apos;s poshest country club, Colebrookes. Marianne has always had international tastes, in life and in love, yet can&apos;t help but think of sweet, steady, khaki-clad Tom back home in New York. Also in attendance are Tina&apos;s divorced parents: her mother, Radha, who&apos;s bringing her American &quot;boyfriend,&quot; David, to the wedding, and her father, Neel, who&apos;s using the visit to India to explore the idea of dating again, only to discover it and he have both changed completely in the decades he&apos;s been away. Infused with warmth, charm, and wicked humor, Destination Wedding grapples with the challenges of work, love, and finding the people who make a place feel like home&quot;--</subfield>
    <subfield code="c">Provided by publisher.</subfield>
  </datafield>
  <datafield tag="655" ind1=" " ind2="0">
    <subfield code="a">Domesic fiction.</subfield>
  </datafield>
  <datafield tag="776" ind1="0" ind2="8">
    <subfield code="i">Online version:</subfield>
    <subfield code="a">Basu, Diksha, author.</subfield>
    <subfield code="t">Destination wedding</subfield>
    <subfield code="b">First edition.</subfield>
    <subfield code="d">New York : Ballantine Group, 2020.</subfield>
    <subfield code="z">9780525577140</subfield>
    <subfield code="w">(DLC) 2019056843</subfield>
  </datafield>
</record>