
<record>
  <leader>04233cam a22004337i 4500</leader>
  <controlfield tag="001">21338217</controlfield>
  <controlfield tag="005">20200103173322.0</controlfield>
  <controlfield tag="008">191217t20192019oru      b    001 0 eng d</controlfield>
  <datafield tag="906" ind1=" " ind2=" ">
    <subfield code="a">7</subfield>
    <subfield code="b">cbc</subfield>
    <subfield code="c">copycat</subfield>
    <subfield code="d">2</subfield>
    <subfield code="e">ncip</subfield>
    <subfield code="f">20</subfield>
    <subfield code="g">y-gencatlg</subfield>
  </datafield>
  <datafield tag="925" ind1="0" ind2=" ">
    <subfield code="a">acquire</subfield>
    <subfield code="b">1 shelf copies</subfield>
    <subfield code="x">policy default</subfield>
  </datafield>
  <datafield tag="955" ind1=" " ind2=" ">
    <subfield code="b">rn05 2019-12-17 z-processor 1 copy to USASH</subfield>
    <subfield code="i">rk07 2020-01-03 to BCCD</subfield>
  </datafield>
  <datafield tag="010" ind1=" " ind2=" ">
    <subfield code="a">  2019275205</subfield>
  </datafield>
  <datafield tag="020" ind1=" " ind2=" ">
    <subfield code="a">9781532652097</subfield>
    <subfield code="q">paperback</subfield>
  </datafield>
  <datafield tag="020" ind1=" " ind2=" ">
    <subfield code="a">1532652097</subfield>
    <subfield code="q">paperback</subfield>
  </datafield>
  <datafield tag="020" ind1=" " ind2=" ">
    <subfield code="a">9781532652103</subfield>
    <subfield code="q">hardcover</subfield>
  </datafield>
  <datafield tag="020" ind1=" " ind2=" ">
    <subfield code="a">1532652100</subfield>
    <subfield code="q">hardcover</subfield>
  </datafield>
  <datafield tag="035" ind1=" " ind2=" ">
    <subfield code="a">(OCoLC)on1117315953</subfield>
  </datafield>
  <datafield tag="040" ind1=" " ind2=" ">
    <subfield code="a">YDX</subfield>
    <subfield code="b">eng</subfield>
    <subfield code="c">YDX</subfield>
    <subfield code="e">rda</subfield>
    <subfield code="d">EXN</subfield>
    <subfield code="d">YDXIT</subfield>
    <subfield code="d">EXN</subfield>
    <subfield code="d">OCLCO</subfield>
    <subfield code="d">YDXIT</subfield>
    <subfield code="d">OCLCF</subfield>
    <subfield code="d">HF9</subfield>
    <subfield code="d">DLC</subfield>
  </datafield>
  <datafield tag="042" ind1=" " ind2=" ">
    <subfield code="a">lccopycat</subfield>
  </datafield>
  <datafield tag="082" ind1="0" ind2="4">
    <subfield code="a">261.2</subfield>
    <subfield code="2">23</subfield>
  </datafield>
  <datafield tag="050" ind1="0" ind2="0">
    <subfield code="a">BR127</subfield>
    <subfield code="b">.E93 2019</subfield>
  </datafield>
  <datafield tag="245" ind1="0" ind2="0">
    <subfield code="a">Evangelization as interreligious dialogue /</subfield>
    <subfield code="c">edited by John C. Cavadini and Donald Wallenfang.</subfield>
  </datafield>
  <datafield tag="264" ind1=" " ind2="1">
    <subfield code="a">Eugene, Oregon :</subfield>
    <subfield code="b">Pickwick Publications,</subfield>
    <subfield code="c">[2019]</subfield>
  </datafield>
  <datafield tag="264" ind1=" " ind2="4">
    <subfield code="c">©2019</subfield>
  </datafield>
  <datafield tag="300" ind1=" " ind2=" ">
    <subfield code="a">xl, 241 pages ;</subfield>
    <subfield code="c">23 cm.</subfield>
  </datafield>
  <datafield tag="336" ind1=" " ind2=" ">
    <subfield code="a">text</subfield>
    <subfield code="b">txt</subfield>
    <subfield code="2">rdacontent</subfield>
  </datafield>
  <datafield tag="337" ind1=" " ind2=" ">
    <subfield code="a">unmediated</subfield>
    <subfield code="b">n</subfield>
    <subfield code="2">rdamedia</subfield>
  </datafield>
  <datafield tag="338" ind1=" " ind2=" ">
    <subfield code="a">volume</subfield>
    <subfield code="b">nc</subfield>
    <subfield code="2">rdacarrier</subfield>
  </datafield>
  <datafield tag="490" ind1="0" ind2=" ">
    <subfield code="a">Global perspectives on the new evangelization ;</subfield>
    <subfield code="v">volume 2</subfield>
  </datafield>
  <datafield tag="504" ind1=" " ind2=" ">
    <subfield code="a">Includes bibliographical references and index.</subfield>
  </datafield>
  <datafield tag="505" ind1="0" ind2=" ">
    <subfield code="a">Catholic Approaches to Interreligious Dialogue -- Chapter 1 The Saints as Locus of Interreligious Dialogue / John C. Cavadini -- Chapter 2 Not Altogether Wrong: Vatican II on Non-Christian Religions / Francesca Aran Murphy -- Chapter 3 Virtuous Interreligious Dialogue as Authentic Evangelization / Andrew Kim -- Chapter 4 The Theology of Religions of Benedict XVI / Cyril O&apos;Regan -- Dialogues between Judaism and Christianity -- Chapter 5 Jewish-Christian Dialogue as Re-Evangelization / Chris Seeman -- Chapter 6 Judaism and Christianity&apos;s &quot;Judaism&quot;: Ending Antisemitism / Richard A. Cohen -- Chapter 7 Dialectical Truth between Augustine and Pelagius: Levinas and the Challenge of Responsibility to Superabundant Grace / Donald Wallenfang -- Dialogues between Islam and Christianity -- Chapter 8 Islamic Christology and Muslim-Christian Dialogue / Gabriel Said Reynolds -- Chapter 9 The Translation of the Psalms by Mohammad al-Sadeq Hussein and Serge de Beaurecueil / Martino Diez -- Dialogues between Hinduism, Buddhism, and Christianity -- Chapter 10 Madhva Aetate / Deepak Sarma -- Chapter 11 Intimations of Presence in the Religion of Emptiness: A Proposed Focus for Buddhist-Christian Dialogue / Robert M. Gimello</subfield>
  </datafield>
  <datafield tag="520" ind1=" " ind2=" ">
    <subfield code="a">What does Jesus have to do with Buddha? What does Muhammad have to do with Krishna? One of the most important tasks for theology in the twenty-first century is interreligious dialogue. Given the rapid process of globalization and the surge of information via the Internet, travel, and library networking today, interreligious dialogue has become a necessary element within Christian theology that no longer can be avoided. Evangelization as Interreligious Dialogue features eleven essays, plus an extensive introduction, that exercise a live conversation between religious others. Divided into four thematic sections--(1) Catholic approaches to interreligious dialogue, (2) dialogues between Judaism and Christianity, (3) dialogues between Islam and Christianity, and (4) dialogues between Hinduism, Buddhism, and Christianity--this volume conducts a sustained theological reflection on the current state of interreligious dialogue by signaling its hopeful promises and unrelenting challenges. The reader will be invited to encounter the religious other firsthand and put his or her most cherished theological assumptions to the test. This book aims to provoke an expansion of horizons for theological imagination as it exposes the basic dialectic of identity and difference as played out in the interaction between diverse religious beliefs, practices, and experiences. -- Provided by publisher.</subfield>
  </datafield>
  <datafield tag="650" ind1=" " ind2="0">
    <subfield code="a">Christianity and other religions.</subfield>
  </datafield>
  <datafield tag="650" ind1=" " ind2="0">
    <subfield code="a">Religions</subfield>
    <subfield code="x">Relations.</subfield>
  </datafield>
  <datafield tag="650" ind1=" " ind2="7">
    <subfield code="a">Christianity and other religions.</subfield>
    <subfield code="2">fast</subfield>
    <subfield code="0">(OCoLC)fst00859685</subfield>
  </datafield>
  <datafield tag="650" ind1=" " ind2="7">
    <subfield code="a">Interfaith relations.</subfield>
    <subfield code="2">fast</subfield>
    <subfield code="0">(OCoLC)fst01353343</subfield>
  </datafield>
  <datafield tag="650" ind1=" " ind2="7">
    <subfield code="a">Religions.</subfield>
    <subfield code="2">fast</subfield>
    <subfield code="0">(OCoLC)fst01093898</subfield>
  </datafield>
  <datafield tag="700" ind1="1" ind2=" ">
    <subfield code="a">Cavadini, John C.,</subfield>
    <subfield code="e">editor.</subfield>
  </datafield>
  <datafield tag="700" ind1="1" ind2=" ">
    <subfield code="a">Wallenfang, Donald,</subfield>
    <subfield code="e">editor.</subfield>
  </datafield>
</record>