
<record>
  <leader>03188cam a22005417i 4500</leader>
  <controlfield tag="001">21338413</controlfield>
  <controlfield tag="005">20200103172829.0</controlfield>
  <controlfield tag="008">191217s2003    ne a     b    000 0 eng d</controlfield>
  <datafield tag="906" ind1=" " ind2=" ">
    <subfield code="a">7</subfield>
    <subfield code="b">cbc</subfield>
    <subfield code="c">copycat</subfield>
    <subfield code="d">2</subfield>
    <subfield code="e">ncip</subfield>
    <subfield code="f">20</subfield>
    <subfield code="g">y-gencatlg</subfield>
  </datafield>
  <datafield tag="925" ind1="0" ind2=" ">
    <subfield code="a">acquire</subfield>
    <subfield code="b">1 shelf copies</subfield>
    <subfield code="x">policy default</subfield>
  </datafield>
  <datafield tag="955" ind1=" " ind2=" ">
    <subfield code="b">rn05 2019-12-17 z-processor 1 copy to USASH</subfield>
    <subfield code="i">rk07 2020-01-03 to BCCD</subfield>
  </datafield>
  <datafield tag="010" ind1=" " ind2=" ">
    <subfield code="a">  2019275212</subfield>
  </datafield>
  <datafield tag="016" ind1="7" ind2=" ">
    <subfield code="a">B0320594</subfield>
    <subfield code="2">bccb</subfield>
  </datafield>
  <datafield tag="016" ind1="7" ind2=" ">
    <subfield code="a">006670342</subfield>
    <subfield code="2">Uk</subfield>
  </datafield>
  <datafield tag="020" ind1=" " ind2=" ">
    <subfield code="a">9042010150</subfield>
    <subfield code="q">(pbk.)</subfield>
  </datafield>
  <datafield tag="020" ind1=" " ind2=" ">
    <subfield code="a">9789042010154</subfield>
    <subfield code="q">(pbk.)</subfield>
  </datafield>
  <datafield tag="035" ind1=" " ind2=" ">
    <subfield code="a">(OCoLC)ocm52271299</subfield>
  </datafield>
  <datafield tag="040" ind1=" " ind2=" ">
    <subfield code="a">OHX</subfield>
    <subfield code="b">eng</subfield>
    <subfield code="c">OHX</subfield>
    <subfield code="d">BGU</subfield>
    <subfield code="d">OCLCQ</subfield>
    <subfield code="d">NLGGC</subfield>
    <subfield code="d">YDXCP</subfield>
    <subfield code="d">UW1</subfield>
    <subfield code="d">GEBAY</subfield>
    <subfield code="d">EXW</subfield>
    <subfield code="d">OCLCF</subfield>
    <subfield code="d">OCLCQ</subfield>
    <subfield code="d">OCLCO</subfield>
    <subfield code="d">OCLCQ</subfield>
    <subfield code="d">DEBBG</subfield>
    <subfield code="d">OCLCQ</subfield>
    <subfield code="d">OCLCA</subfield>
    <subfield code="d">UKMGB</subfield>
    <subfield code="d">DLC</subfield>
  </datafield>
  <datafield tag="042" ind1=" " ind2=" ">
    <subfield code="a">lccopycat</subfield>
  </datafield>
  <datafield tag="072" ind1=" " ind2="7">
    <subfield code="a">BJ</subfield>
    <subfield code="2">lcco</subfield>
  </datafield>
  <datafield tag="072" ind1=" " ind2="7">
    <subfield code="a">HV</subfield>
    <subfield code="2">lcco</subfield>
  </datafield>
  <datafield tag="082" ind1="0" ind2="4">
    <subfield code="a">170</subfield>
  </datafield>
  <datafield tag="084" ind1=" " ind2=" ">
    <subfield code="a">EC 5910</subfield>
    <subfield code="2">rvk</subfield>
  </datafield>
  <datafield tag="084" ind1=" " ind2=" ">
    <subfield code="a">HG 431</subfield>
    <subfield code="2">rvk</subfield>
  </datafield>
  <datafield tag="050" ind1="0" ind2="0">
    <subfield code="a">BJ1411</subfield>
    <subfield code="b">.C85 2003</subfield>
  </datafield>
  <datafield tag="245" ind1="0" ind2="0">
    <subfield code="a">Cultural expressions of evil and wickedness :</subfield>
    <subfield code="b">wrath, sex, crime /</subfield>
    <subfield code="c">edited by Terrie Waddell.</subfield>
  </datafield>
  <datafield tag="260" ind1=" " ind2=" ">
    <subfield code="a">Amsterdam ;</subfield>
    <subfield code="a">New York, NY :</subfield>
    <subfield code="b">Rodopi,</subfield>
    <subfield code="c">©2003.</subfield>
  </datafield>
  <datafield tag="300" ind1=" " ind2=" ">
    <subfield code="a">xvi, 226 pages :</subfield>
    <subfield code="b">some illustrations ;</subfield>
    <subfield code="c">22 cm.</subfield>
  </datafield>
  <datafield tag="336" ind1=" " ind2=" ">
    <subfield code="a">text</subfield>
    <subfield code="b">txt</subfield>
    <subfield code="2">rdacontent</subfield>
  </datafield>
  <datafield tag="337" ind1=" " ind2=" ">
    <subfield code="a">unmediated</subfield>
    <subfield code="b">n</subfield>
    <subfield code="2">rdamedia</subfield>
  </datafield>
  <datafield tag="338" ind1=" " ind2=" ">
    <subfield code="a">volume</subfield>
    <subfield code="b">nc</subfield>
    <subfield code="2">rdacarrier</subfield>
  </datafield>
  <datafield tag="490" ind1="1" ind2=" ">
    <subfield code="a">At the interface/probing the boundaries ;</subfield>
    <subfield code="v">3</subfield>
  </datafield>
  <datafield tag="504" ind1=" " ind2=" ">
    <subfield code="a">Includes bibliographical references.</subfield>
  </datafield>
  <datafield tag="505" ind1="0" ind2="0">
    <subfield code="t">Wrath: Purging, Cleansing and Appropriating the Deviant Other --</subfield>
    <subfield code="t">Systemic Book Burning as Evil? /</subfield>
    <subfield code="r">Rebecca Knuth --</subfield>
    <subfield code="t">The Destructive Power of Medieval Mythology: A Revisionist View of the Extermination of the Cathars and Pequots /</subfield>
    <subfield code="r">William A. Cook --</subfield>
    <subfield code="t">Satanic Subcultures? A Discourse Analysis of the Self-Perceptions of Young Goths and Pagans /</subfield>
    <subfield code="r">Meg Barker --</subfield>
    <subfield code="t">The Evils of Christianization: A Pagan Perspective on European History /</subfield>
    <subfield code="r">Michael F. Strmiska --</subfield>
    <subfield code="t">Sexual Imagery: Locus of Pleasure, Pain, Censorship and Reclamation --</subfield>
    <subfield code="t">The Female/Feline Morph: Myth, Media, Sex and the Bestial /</subfield>
    <subfield code="r">Terrie Waddell --</subfield>
    <subfield code="t">Bad Sex: Second-Wave Feminism and Pornography&apos;s Golden Age /</subfield>
    <subfield code="r">Loren Glass --</subfield>
    <subfield code="t">&quot;Video Abuse&quot;: Gender, Censorship and I Spit on Your Grave /</subfield>
    <subfield code="r">Darren Oldridge --</subfield>
    <subfield code="t">Naked Terror: Horrific, Aesthetic and Healing Images of Rape /</subfield>
    <subfield code="r">Madelaine Hron --</subfield>
    <subfield code="t">Crime: Versions of Guilt, Shame and Redemption --</subfield>
    <subfield code="t">Masking the Evil of Capital Punishment /</subfield>
    <subfield code="r">Earl F. Martin --</subfield>
    <subfield code="t">Interrogating the Penal Gaze: Is the Ethical Prison a Possibility? /</subfield>
    <subfield code="r">Diana Medlicott --</subfield>
    <subfield code="t">The Contraction of the Heart: Anxiety, Radical Evil and Proximity in Patricia Highsmith&apos;s Ripley Novels /</subfield>
    <subfield code="r">Fiona Peters --</subfield>
    <subfield code="t">&quot;I did so many bad things&quot;: Sin and Redemption in the Films of Abel Ferrara /</subfield>
    <subfield code="r">Paul Davies.</subfield>
  </datafield>
  <datafield tag="650" ind1=" " ind2="0">
    <subfield code="a">Immorality.</subfield>
  </datafield>
  <datafield tag="650" ind1=" " ind2="0">
    <subfield code="a">Social ethics.</subfield>
  </datafield>
  <datafield tag="650" ind1=" " ind2="0">
    <subfield code="a">Good and evil.</subfield>
  </datafield>
  <datafield tag="655" ind1=" " ind2="4">
    <subfield code="a">Aufsatzsammlung.</subfield>
  </datafield>
  <datafield tag="650" ind1=" " ind2="7">
    <subfield code="a">Good and evil.</subfield>
    <subfield code="2">fast</subfield>
    <subfield code="0">(OCoLC)fst00944894</subfield>
  </datafield>
  <datafield tag="650" ind1=" " ind2="7">
    <subfield code="a">Immorality.</subfield>
    <subfield code="2">fast</subfield>
    <subfield code="0">(OCoLC)fst00967849</subfield>
  </datafield>
  <datafield tag="650" ind1=" " ind2="7">
    <subfield code="a">Social ethics.</subfield>
    <subfield code="2">fast</subfield>
    <subfield code="0">(OCoLC)fst01122447</subfield>
  </datafield>
  <datafield tag="650" ind1="0" ind2="7">
    <subfield code="a">Das Böse.</subfield>
    <subfield code="2">gnd</subfield>
    <subfield code="0">(DE-588)4007524-2</subfield>
  </datafield>
  <datafield tag="650" ind1="0" ind2="7">
    <subfield code="a">Kultur.</subfield>
    <subfield code="2">gnd</subfield>
    <subfield code="0">(DE-588)4125698-0</subfield>
  </datafield>
  <datafield tag="650" ind1="0" ind2="7">
    <subfield code="a">Das Böse.</subfield>
    <subfield code="2">swd</subfield>
  </datafield>
  <datafield tag="650" ind1="0" ind2="7">
    <subfield code="a">Kultur.</subfield>
    <subfield code="2">swd</subfield>
  </datafield>
  <datafield tag="650" ind1="0" ind2="7">
    <subfield code="a">Aufsatzsammlung.</subfield>
    <subfield code="2">swd</subfield>
  </datafield>
  <datafield tag="700" ind1="1" ind2=" ">
    <subfield code="a">Waddell, Terrie.</subfield>
  </datafield>
  <datafield tag="830" ind1=" " ind2="0">
    <subfield code="a">At the interface/probing the boundaries ;</subfield>
    <subfield code="v">3.</subfield>
  </datafield>
</record>