
<record>
  <leader>02416cam a22004337i 4500</leader>
  <controlfield tag="001">21339030</controlfield>
  <controlfield tag="005">20200103161858.0</controlfield>
  <controlfield tag="008">191217s2008    ne       b    000 0 eng d</controlfield>
  <datafield tag="906" ind1=" " ind2=" ">
    <subfield code="a">7</subfield>
    <subfield code="b">cbc</subfield>
    <subfield code="c">copycat</subfield>
    <subfield code="d">2</subfield>
    <subfield code="e">ncip</subfield>
    <subfield code="f">20</subfield>
    <subfield code="g">y-gencatlg</subfield>
  </datafield>
  <datafield tag="925" ind1="0" ind2=" ">
    <subfield code="a">acquire</subfield>
    <subfield code="b">1 shelf copies</subfield>
    <subfield code="x">policy default</subfield>
  </datafield>
  <datafield tag="955" ind1=" " ind2=" ">
    <subfield code="b">rn05 2019-12-17 z-processor 1 copy to USASH</subfield>
    <subfield code="i">rk07 2020-01-03 to BCCD</subfield>
  </datafield>
  <datafield tag="010" ind1=" " ind2=" ">
    <subfield code="a">  2019275231</subfield>
  </datafield>
  <datafield tag="016" ind1="7" ind2=" ">
    <subfield code="a">014773186</subfield>
    <subfield code="2">Uk</subfield>
  </datafield>
  <datafield tag="020" ind1=" " ind2=" ">
    <subfield code="a">9789042024380</subfield>
  </datafield>
  <datafield tag="020" ind1=" " ind2=" ">
    <subfield code="a">9042024380</subfield>
  </datafield>
  <datafield tag="035" ind1=" " ind2=" ">
    <subfield code="a">(OCoLC)ocn247836052</subfield>
  </datafield>
  <datafield tag="040" ind1=" " ind2=" ">
    <subfield code="a">NLGGC</subfield>
    <subfield code="b">eng</subfield>
    <subfield code="c">NLGGC</subfield>
    <subfield code="e">fobidrtb</subfield>
    <subfield code="d">YDXCP</subfield>
    <subfield code="d">CDX</subfield>
    <subfield code="d">PAU</subfield>
    <subfield code="d">TXA</subfield>
    <subfield code="d">BWX</subfield>
    <subfield code="d">OHX</subfield>
    <subfield code="d">GEBAY</subfield>
    <subfield code="d">VT2</subfield>
    <subfield code="d">OCLCF</subfield>
    <subfield code="d">OCLCO</subfield>
    <subfield code="d">UKMGB</subfield>
    <subfield code="d">OCLCQ</subfield>
    <subfield code="d">DEBBG</subfield>
    <subfield code="d">S3O</subfield>
    <subfield code="d">OCLCQ</subfield>
    <subfield code="d">OCLCO</subfield>
    <subfield code="d">DLC</subfield>
  </datafield>
  <datafield tag="042" ind1=" " ind2=" ">
    <subfield code="a">lccopycat</subfield>
  </datafield>
  <datafield tag="082" ind1="0" ind2="4">
    <subfield code="a">306.42</subfield>
  </datafield>
  <datafield tag="084" ind1=" " ind2=" ">
    <subfield code="a">MS 6950</subfield>
    <subfield code="2">rvk</subfield>
  </datafield>
  <datafield tag="050" ind1="0" ind2="0">
    <subfield code="a">BD175</subfield>
    <subfield code="b">.K625 2008</subfield>
  </datafield>
  <datafield tag="245" ind1="0" ind2="0">
    <subfield code="a">Knowledge as value :</subfield>
    <subfield code="b">illumination through critical prisms /</subfield>
    <subfield code="c">edited by Ian Morley and Mira Crouch.</subfield>
  </datafield>
  <datafield tag="260" ind1=" " ind2=" ">
    <subfield code="a">Amsterdam ;</subfield>
    <subfield code="a">New York, NY :</subfield>
    <subfield code="b">Rodopi,</subfield>
    <subfield code="c">2008.</subfield>
  </datafield>
  <datafield tag="300" ind1=" " ind2=" ">
    <subfield code="a">xi, 222 pages ;</subfield>
    <subfield code="c">24 cm.</subfield>
  </datafield>
  <datafield tag="336" ind1=" " ind2=" ">
    <subfield code="a">text</subfield>
    <subfield code="b">txt</subfield>
    <subfield code="2">rdacontent</subfield>
  </datafield>
  <datafield tag="337" ind1=" " ind2=" ">
    <subfield code="a">unmediated</subfield>
    <subfield code="b">n</subfield>
    <subfield code="2">rdamedia</subfield>
  </datafield>
  <datafield tag="338" ind1=" " ind2=" ">
    <subfield code="a">volume</subfield>
    <subfield code="b">nc</subfield>
    <subfield code="2">rdacarrier</subfield>
  </datafield>
  <datafield tag="490" ind1="1" ind2=" ">
    <subfield code="a">At the interface/Probing the boundaries,</subfield>
    <subfield code="x">1570-7113 ;</subfield>
    <subfield code="v">v. 50</subfield>
  </datafield>
  <datafield tag="504" ind1=" " ind2=" ">
    <subfield code="a">Includes bibliographical references.</subfield>
  </datafield>
  <datafield tag="505" ind1="0" ind2=" ">
    <subfield code="a">Part I. Critical Questions. John Mcdonald / Valuing Intellectual Freedom: A Critical Analysis of Policies in Australian Universities.-- Grant Duncan / Counting the Currency of Knowledge: New Zealand&apos;s Performance-Based Research Fund.-- Francine Rochford / Conceptions of Knowledge and the Modern University.-- Stephen Healy / Knowledge as Practice: Implications for the Tertiary Sector.</subfield>
  </datafield>
  <datafield tag="505" ind1="0" ind2=" ">
    <subfield code="a">Part III. Epistemological Issues. Mireta Von Gerlach / Making the Structures Tumble.-- Mark Rolfe / The Classics &amp; Australian Culture Wars.-- Matthew Steen / The Mutation of Economics.-- Craig Collins / Pericles was a Plumber: Towards Resolving the Liberal and Vocational Dichotomy in Legal Education.-- Heather McKenzie, Maureen Boughton, Lillian Hayes, &amp; Sue Forsyth / Explaining the Complexities and Value of Nursing Practice and Knowledge.</subfield>
  </datafield>
  <datafield tag="650" ind1=" " ind2="0">
    <subfield code="a">Knowledge, Sociology of.</subfield>
  </datafield>
  <datafield tag="655" ind1=" " ind2="4">
    <subfield code="a">Aufsatzsammlung.</subfield>
  </datafield>
  <datafield tag="650" ind1=" " ind2="7">
    <subfield code="a">Knowledge, Sociology of.</subfield>
    <subfield code="2">fast</subfield>
    <subfield code="0">(OCoLC)fst00988190</subfield>
  </datafield>
  <datafield tag="650" ind1=" " ind2="7">
    <subfield code="a">Wissenssoziologie</subfield>
    <subfield code="2">gnd</subfield>
  </datafield>
  <datafield tag="650" ind1=" " ind2="7">
    <subfield code="a">Kunskapssociologi.</subfield>
    <subfield code="2">sao</subfield>
  </datafield>
  <datafield tag="700" ind1="1" ind2=" ">
    <subfield code="a">Morley, Ian.</subfield>
  </datafield>
  <datafield tag="700" ind1="1" ind2=" ">
    <subfield code="a">Crouch, Mira,</subfield>
    <subfield code="d">1932-</subfield>
  </datafield>
  <datafield tag="830" ind1=" " ind2="0">
    <subfield code="a">At the interface/probing the boundaries ;</subfield>
    <subfield code="v">v. 50.</subfield>
  </datafield>
</record>