
<record>
  <leader>03279cam a22004098i 4500</leader>
  <controlfield tag="001">21339728</controlfield>
  <controlfield tag="005">20200103082339.0</controlfield>
  <controlfield tag="008">191218s2020    nyu      b    001 0 eng  </controlfield>
  <datafield tag="906" ind1=" " ind2=" ">
    <subfield code="a">7</subfield>
    <subfield code="b">cbc</subfield>
    <subfield code="c">orignew</subfield>
    <subfield code="d">1</subfield>
    <subfield code="e">ecip</subfield>
    <subfield code="f">20</subfield>
    <subfield code="g">y-gencatlg</subfield>
  </datafield>
  <datafield tag="925" ind1="0" ind2=" ">
    <subfield code="a">acquire</subfield>
    <subfield code="b">1 shelf copy</subfield>
    <subfield code="x">policy default</subfield>
  </datafield>
  <datafield tag="955" ind1=" " ind2=" ">
    <subfield code="b">xk20 2019-12-18</subfield>
    <subfield code="i">xk20 2019-12-18 to Dewey</subfield>
    <subfield code="w">xm07 2019-12-18</subfield>
  </datafield>
  <datafield tag="010" ind1=" " ind2=" ">
    <subfield code="a">  2019051573</subfield>
  </datafield>
  <datafield tag="020" ind1=" " ind2=" ">
    <subfield code="a">9780367189310</subfield>
    <subfield code="q">(hardback)</subfield>
  </datafield>
  <datafield tag="020" ind1=" " ind2=" ">
    <subfield code="a">9780367189341</subfield>
    <subfield code="q">(paperback)</subfield>
  </datafield>
  <datafield tag="020" ind1=" " ind2=" ">
    <subfield code="z">9780429199301</subfield>
    <subfield code="q">(ebook)</subfield>
  </datafield>
  <datafield tag="040" ind1=" " ind2=" ">
    <subfield code="a">DLC</subfield>
    <subfield code="b">eng</subfield>
    <subfield code="e">rda</subfield>
    <subfield code="c">DLC</subfield>
  </datafield>
  <datafield tag="042" ind1=" " ind2=" ">
    <subfield code="a">pcc</subfield>
  </datafield>
  <datafield tag="050" ind1="0" ind2="0">
    <subfield code="a">PN47</subfield>
    <subfield code="b">.J33 2020</subfield>
  </datafield>
  <datafield tag="082" ind1="0" ind2="0">
    <subfield code="a">809</subfield>
    <subfield code="2">23</subfield>
  </datafield>
  <datafield tag="100" ind1="1" ind2=" ">
    <subfield code="a">Jacobs, Richard,</subfield>
    <subfield code="d">1952-</subfield>
    <subfield code="e">author.</subfield>
  </datafield>
  <datafield tag="245" ind1="1" ind2="0">
    <subfield code="a">Literature in our lives :</subfield>
    <subfield code="b">talking about texts from Shakespeare to Philip Pullman /</subfield>
    <subfield code="c">Richard Jacobs.</subfield>
  </datafield>
  <datafield tag="246" ind1="3" ind2="0">
    <subfield code="a">Talking about texts from Shakespeare to Philip Pullman</subfield>
  </datafield>
  <datafield tag="263" ind1=" " ind2=" ">
    <subfield code="a">2002</subfield>
  </datafield>
  <datafield tag="264" ind1=" " ind2="1">
    <subfield code="a">New York :</subfield>
    <subfield code="b">Routledge,</subfield>
    <subfield code="c">2020.</subfield>
  </datafield>
  <datafield tag="300" ind1=" " ind2=" ">
    <subfield code="a">volumes cm</subfield>
  </datafield>
  <datafield tag="336" ind1=" " ind2=" ">
    <subfield code="a">text</subfield>
    <subfield code="b">txt</subfield>
    <subfield code="2">rdacontent</subfield>
  </datafield>
  <datafield tag="337" ind1=" " ind2=" ">
    <subfield code="a">unmediated</subfield>
    <subfield code="b">n</subfield>
    <subfield code="2">rdamedia</subfield>
  </datafield>
  <datafield tag="338" ind1=" " ind2=" ">
    <subfield code="a">volume</subfield>
    <subfield code="b">nc</subfield>
    <subfield code="2">rdacarrier</subfield>
  </datafield>
  <datafield tag="504" ind1=" " ind2=" ">
    <subfield code="a">Includes bibliographical references and index.</subfield>
  </datafield>
  <datafield tag="505" ind1="0" ind2=" ">
    <subfield code="a">Introduction -- 1.  The myth of the Fall and its impact: Pullman, Lewis and others -- 2. Claribel&apos;s story: a few thoughts on gender, race and colonialism in The Tempest -- 3. Wuthering Heights: myth and the wounds of loss -- 4. Beckett&apos;s Waiting for Godot: transforming lives -- 5. Great Expectations: intertextualities, endings and life after plot -- 6. Emily Dickinson: &apos;And then the windows failed&apos; -- 7. Emma: rhetoric, irony and the reader&apos;s assault course -- 8. Dorian Gray: &apos;queering&apos; the text -- 9. The Fallen Woman: Emma Bovary and (many) others -- 10. Two transgressive American women: Kate Chopin, Charlotte Perkins Gilman -- 11. Hamlet / Lear: realism / modernism -- 12. John Keats: three (or is it two?) poems and thoughts on &apos;late style&apos; -- 13. Republicanism, regicide and &apos;The Musgrave Ritual&apos; --14. Jean Rhys: her texts from the 1930s -- 15. Twelfth Night: Dream-Gift -- 16. Please read Proust -- 17. Paradise Lost: radical politics, gender and education.</subfield>
  </datafield>
  <datafield tag="520" ind1=" " ind2=" ">
    <subfield code="a">&quot;This book recreates in written form seventeen of the most popular, frankly personal and engaging lectures on literature given by the award-winning teacher Richard Jacobs, who has been working with students for forty years. This is a book aimed at students, starting their studies or more experienced, and all lovers of literature and devoted to the idea that reading, thinking about, and writing or talking about literature involves us all personally, that texts talk to us intimately and urgently and invite us to talk back, and that literature intervenes in our lives and changes them. These lectures discuss, in an open but richly informed way, a wide range of texts that are regularly studied and enjoyed and they model what it means to be excited about reading and studying literature, how the study of literature can be life-changing - perhaps even with the effect of changing the lives of readers of this remarkable book&quot;--</subfield>
    <subfield code="c">Provided by publisher.</subfield>
  </datafield>
  <datafield tag="650" ind1=" " ind2="0">
    <subfield code="a">Literature</subfield>
    <subfield code="x">Appreciation.</subfield>
  </datafield>
  <datafield tag="650" ind1=" " ind2="0">
    <subfield code="a">Life in literature.</subfield>
  </datafield>
  <datafield tag="650" ind1=" " ind2="0">
    <subfield code="a">Literature</subfield>
    <subfield code="x">Psychology.</subfield>
  </datafield>
  <datafield tag="650" ind1=" " ind2="0">
    <subfield code="a">Change (Psychology)</subfield>
  </datafield>
  <datafield tag="650" ind1=" " ind2="0">
    <subfield code="a">Books and reading.</subfield>
  </datafield>
  <datafield tag="650" ind1=" " ind2="0">
    <subfield code="a">Literature and society.</subfield>
  </datafield>
</record>