
<record>
  <leader>05258cam a22004938i 4500</leader>
  <controlfield tag="001">21339980</controlfield>
  <controlfield tag="005">20200103110905.0</controlfield>
  <controlfield tag="008">191218s2019    msu           001 0deng  </controlfield>
  <datafield tag="906" ind1=" " ind2=" ">
    <subfield code="a">0</subfield>
    <subfield code="b">vip</subfield>
    <subfield code="c">orignew</subfield>
    <subfield code="d">1</subfield>
    <subfield code="e">ecip</subfield>
    <subfield code="f">20</subfield>
    <subfield code="g">y-gencatlg</subfield>
  </datafield>
  <datafield tag="925" ind1="0" ind2=" ">
    <subfield code="a">acquire</subfield>
    <subfield code="b">1 shelf copy</subfield>
    <subfield code="x">policy default</subfield>
  </datafield>
  <datafield tag="955" ind1=" " ind2=" ">
    <subfield code="b">MsSM 2019-12-18</subfield>
    <subfield code="e">xk06 2019-12-19 to Dewey</subfield>
    <subfield code="w">xm07 2019-12-20</subfield>
    <subfield code="a">xn11 2020-01-03 1 copy rec&apos;d., to CIP ver.</subfield>
  </datafield>
  <datafield tag="010" ind1=" " ind2=" ">
    <subfield code="a">  2019032095</subfield>
  </datafield>
  <datafield tag="020" ind1=" " ind2=" ">
    <subfield code="a">9781496825964</subfield>
    <subfield code="q">(hardback)</subfield>
  </datafield>
  <datafield tag="020" ind1=" " ind2=" ">
    <subfield code="a">9781496826107</subfield>
    <subfield code="q">(trade paperback)</subfield>
  </datafield>
  <datafield tag="020" ind1=" " ind2=" ">
    <subfield code="z">9781496826114</subfield>
  </datafield>
  <datafield tag="020" ind1=" " ind2=" ">
    <subfield code="z">9781496826121</subfield>
  </datafield>
  <datafield tag="020" ind1=" " ind2=" ">
    <subfield code="z">9781496826138</subfield>
  </datafield>
  <datafield tag="020" ind1=" " ind2=" ">
    <subfield code="z">9781496826091</subfield>
  </datafield>
  <datafield tag="040" ind1=" " ind2=" ">
    <subfield code="a">MsSM/DLC</subfield>
    <subfield code="b">eng</subfield>
    <subfield code="c">DLC</subfield>
    <subfield code="e">rda</subfield>
  </datafield>
  <datafield tag="042" ind1=" " ind2=" ">
    <subfield code="a">pcc</subfield>
  </datafield>
  <datafield tag="050" ind1="0" ind2="0">
    <subfield code="a">PN1998.3.C72</subfield>
    <subfield code="b">A5 2019</subfield>
  </datafield>
  <datafield tag="082" ind1="0" ind2="0">
    <subfield code="a">791.4302/33092</subfield>
    <subfield code="2">23</subfield>
  </datafield>
  <datafield tag="084" ind1=" " ind2=" ">
    <subfield code="a">PER018000</subfield>
    <subfield code="2">bisacsh</subfield>
  </datafield>
  <datafield tag="100" ind1="1" ind2=" ">
    <subfield code="a">Craven, Wes,</subfield>
    <subfield code="e">interviewee.</subfield>
  </datafield>
  <datafield tag="245" ind1="1" ind2="0">
    <subfield code="a">Wes Craven :</subfield>
    <subfield code="b">interviews /</subfield>
    <subfield code="c">edited by Shannon Blake Skelton.</subfield>
  </datafield>
  <datafield tag="263" ind1=" " ind2=" ">
    <subfield code="a">1111</subfield>
  </datafield>
  <datafield tag="264" ind1=" " ind2="1">
    <subfield code="a">Jackson :</subfield>
    <subfield code="b">University Press of Mississippi,</subfield>
    <subfield code="c">2019.</subfield>
  </datafield>
  <datafield tag="300" ind1=" " ind2=" ">
    <subfield code="a">pages cm</subfield>
  </datafield>
  <datafield tag="336" ind1=" " ind2=" ">
    <subfield code="a">text</subfield>
    <subfield code="b">txt</subfield>
    <subfield code="2">rdacontent</subfield>
  </datafield>
  <datafield tag="337" ind1=" " ind2=" ">
    <subfield code="a">unmediated</subfield>
    <subfield code="b">n</subfield>
    <subfield code="2">rdamedia</subfield>
  </datafield>
  <datafield tag="338" ind1=" " ind2=" ">
    <subfield code="a">volume</subfield>
    <subfield code="b">nc</subfield>
    <subfield code="2">rdacarrier</subfield>
  </datafield>
  <datafield tag="490" ind1="1" ind2=" ">
    <subfield code="a">Conversations with filmmakers series</subfield>
  </datafield>
  <datafield tag="500" ind1=" " ind2=" ">
    <subfield code="a">Includes index, chronology, filmography, and list of additional resources.</subfield>
  </datafield>
  <datafield tag="505" ind1="0" ind2=" ">
    <subfield code="a">Introduction -- Chronology -- Filmography -- Wes Craven: an interview / Tony Williams -- Wes Craven...who&apos;s made nightmares comes true / Tom Seligson -- Wes Craven / Alan Jones -- Wes Craven&apos;s Deadly doubleheader / Lee Goldberg and David McDonnell -- Wes Craven, director of nightmares / Dennis Fischer -- Interview on Elm Street / Michael Banka -- Shock-waves: Toxic interviews Wes Craven / David Henry Jacobs -- Craven images / Marc Shapiro -- Wes Craven&apos;s parental guidance / Fangoria -- Vampire in Brooklyn is no laughing matter / Marc Shapiro -- American Film Institute: The Directors / Robert J. Emery -- Interview with Wes Craven / J.M. and Randy Lofficier -- Last housemates / David A. Szulkin -- The Cursed is over? / Marc Shapiro -- Fangoria screamography: Wes Craven / Tony Timpone -- Red Eye--Wes Craven interview / Andrea Chase -- Wes Craven Q&amp;A / Bilge Ebiri -- A chat with Wes Craven / Jason Zingale -- Wes Craven talks to Capone / Steven Prokopy (writing as &quot;Capone&quot;) -- Interview: Wes Craven / Scott Tobias -- Sins of the fathers / Michael Marano -- Scream 4 director Wes Craven on keeping the franchise alive / Perri Nemiroff -- Director Wes Craven: interview / Christina Radish -- The legendary Wes Craven talks Scream 4 with Mr. Beaks! / Jeremy Smith (writing as &quot;Mr. Beaks&quot;) -- Wes Craven screams anew / Bryan Reesman -- Wes Craven talks YEAH TV, Nightmare on Elm Street, and his future / Eric Walkuski -- Father of Freddy / W. Brice McVicar -- R.A. interviews Wes Craven (R.I.P.) / R.A. the Rugged Man -- Wes Craven: one last scream / Jennifer Juniper Stratford -- Additional Resources -- Index.</subfield>
  </datafield>
  <datafield tag="520" ind1=" " ind2=" ">
    <subfield code="a">&quot;With a career spanning four decades, Wes Craven (1939-2015) bridged independent exploitation cinema and Hollywood big-budget horror. A pioneer of the modern horror cinema, Craven directed such landmark films as The Last House on the Left, The Hills Have Eyes, A Nightmare on Elm Street, and Scream-considered not only classics of the genre, but examples of masterful filmmaking. Producing an impressive oeuvre that mixed intellectual concerns and political ideas, Craven utilized high-tension suspense, devastating visual brutality, and dark humor to evoke a unique brand of fear. Moreover, his films draw attention to the horror of American society-namely racism, classism, and the traumas often associated with family. This collection of twenty-nine interviews-spanning from 1980 until his final interview in 2015-traces Craven&apos;s life and career, from his upbringing in a strict religious family and his life as an academic to his years toiling in exploitation cinema. The volume also chronicles Craven&apos;s ascendancy as an independent director, his work within the studio system, and his eventual triumph in mainstream cinema. Within the interviews gathered here, including three previously unpublished pieces, Craven reflects on failed projects and the challenges of working with studios while offering thoughtful meditations on the dynamics and appeal of horror. Wes Craven: Interviews cements Craven&apos;s legacy as a master of horror who left an indelible mark on the genre by forever altering expectations of-and approaches to-the cinema of fear&quot;--</subfield>
    <subfield code="c">Provided by publisher.</subfield>
  </datafield>
  <datafield tag="520" ind1=" " ind2=" ">
    <subfield code="a">&quot;Collected interviews with the pioneer of the modern horror cinema and director of The Last House on the Left, The Hills Have Eyes, A Nightmare on Elm Street, and Scream&quot;--</subfield>
    <subfield code="c">Provided by publisher.</subfield>
  </datafield>
  <datafield tag="600" ind1="1" ind2="0">
    <subfield code="a">Craven, Wes</subfield>
    <subfield code="v">Interviews.</subfield>
  </datafield>
  <datafield tag="650" ind1=" " ind2="0">
    <subfield code="a">Motion picture producers and directors</subfield>
    <subfield code="v">Interviews.</subfield>
  </datafield>
  <datafield tag="650" ind1=" " ind2="7">
    <subfield code="a">PERFORMING ARTS / Individual Director (see also BIOGRAPHY &amp; AUTOBIOGRAPHY / Entertainment &amp; Performing Arts)</subfield>
    <subfield code="2">bisacsh</subfield>
  </datafield>
  <datafield tag="655" ind1=" " ind2="7">
    <subfield code="a">Interviews.</subfield>
    <subfield code="2">lcgft</subfield>
  </datafield>
  <datafield tag="700" ind1="1" ind2=" ">
    <subfield code="a">Skelton, Shannon Blake,</subfield>
    <subfield code="e">editor.</subfield>
  </datafield>
  <datafield tag="776" ind1="0" ind2="8">
    <subfield code="i">Online version:</subfield>
    <subfield code="a">Craven, Wes,</subfield>
    <subfield code="t">Wes Craven</subfield>
    <subfield code="d">Jackson : University Press of Mississippi, 2019.</subfield>
    <subfield code="z">9781496826114</subfield>
    <subfield code="w">(DLC) 2019032096</subfield>
  </datafield>
  <datafield tag="830" ind1=" " ind2="0">
    <subfield code="a">Conversations with filmmakers series.</subfield>
  </datafield>
  <datafield tag="985" ind1=" " ind2=" ">
    <subfield code="a">MsSMCIP</subfield>
    <subfield code="d">2019-12-18</subfield>
  </datafield>
</record>