
<record>
  <leader>02618cam a22004215i 4500</leader>
  <controlfield tag="001">21341958</controlfield>
  <controlfield tag="005">20200103104305.0</controlfield>
  <controlfield tag="008">191219t20182018pl            000 j pol d</controlfield>
  <datafield tag="906" ind1=" " ind2=" ">
    <subfield code="a">0</subfield>
    <subfield code="b">ibc</subfield>
    <subfield code="c">copycat</subfield>
    <subfield code="d">3</subfield>
    <subfield code="e">ncip</subfield>
    <subfield code="f">20</subfield>
    <subfield code="g">y-gencatlg</subfield>
  </datafield>
  <datafield tag="925" ind1="0" ind2=" ">
    <subfield code="a">acquire</subfield>
    <subfield code="b">1 shelf copy</subfield>
    <subfield code="x">policy default</subfield>
  </datafield>
  <datafield tag="955" ind1=" " ind2=" ">
    <subfield code="b">fc19 2019-12-19 z-processor</subfield>
    <subfield code="a">fc00 2019-12-19 to GS/ECE</subfield>
    <subfield code="i">fc19 2020-01-03 Telework</subfield>
  </datafield>
  <datafield tag="010" ind1=" " ind2=" ">
    <subfield code="a">  2019453470</subfield>
  </datafield>
  <datafield tag="016" ind1="7" ind2=" ">
    <subfield code="a">018978550</subfield>
    <subfield code="2">Uk</subfield>
  </datafield>
  <datafield tag="020" ind1=" " ind2=" ">
    <subfield code="a">9788308064986</subfield>
  </datafield>
  <datafield tag="020" ind1=" " ind2=" ">
    <subfield code="a">8308064981</subfield>
  </datafield>
  <datafield tag="035" ind1=" " ind2=" ">
    <subfield code="a">(OCoLC)on1036726188</subfield>
  </datafield>
  <datafield tag="040" ind1=" " ind2=" ">
    <subfield code="a">RBN</subfield>
    <subfield code="b">eng</subfield>
    <subfield code="c">RBN</subfield>
    <subfield code="e">rda</subfield>
    <subfield code="d">VP@</subfield>
    <subfield code="d">BKL</subfield>
    <subfield code="d">OCLCF</subfield>
    <subfield code="d">ZQP</subfield>
    <subfield code="d">OCL</subfield>
    <subfield code="d">CLE</subfield>
    <subfield code="d">OCLCO</subfield>
    <subfield code="d">UKMGB</subfield>
    <subfield code="d">GK8</subfield>
    <subfield code="d">OCLCO</subfield>
    <subfield code="d">OCLCA</subfield>
    <subfield code="d">CHVBK</subfield>
    <subfield code="d">OCLCO</subfield>
    <subfield code="d">DLC</subfield>
  </datafield>
  <datafield tag="042" ind1=" " ind2=" ">
    <subfield code="a">lccopycat</subfield>
  </datafield>
  <datafield tag="050" ind1="0" ind2="0">
    <subfield code="a">PG7179.O37</subfield>
    <subfield code="b">A6 2018a</subfield>
  </datafield>
  <datafield tag="100" ind1="1" ind2=" ">
    <subfield code="a">Tokarczuk, Olga</subfield>
    <subfield code="q">(Olga Nawoja),</subfield>
    <subfield code="d">1962-</subfield>
    <subfield code="e">author.</subfield>
  </datafield>
  <datafield tag="240" ind1="1" ind2="0">
    <subfield code="a">Short stories.</subfield>
    <subfield code="k">Selections</subfield>
  </datafield>
  <datafield tag="245" ind1="1" ind2="0">
    <subfield code="a">Opowiadania bizarne /</subfield>
    <subfield code="c">Olga Tokarczuk.</subfield>
  </datafield>
  <datafield tag="250" ind1=" " ind2=" ">
    <subfield code="a">Wydanie pierwsze, dodruk.</subfield>
  </datafield>
  <datafield tag="264" ind1=" " ind2="1">
    <subfield code="a">Kraków :</subfield>
    <subfield code="b">Wydawnictwo Literackie,</subfield>
    <subfield code="c">[2018]</subfield>
  </datafield>
  <datafield tag="264" ind1=" " ind2="4">
    <subfield code="c">©2018</subfield>
  </datafield>
  <datafield tag="300" ind1=" " ind2=" ">
    <subfield code="a">249 pages ;</subfield>
    <subfield code="c">21 cm</subfield>
  </datafield>
  <datafield tag="336" ind1=" " ind2=" ">
    <subfield code="a">text</subfield>
    <subfield code="b">txt</subfield>
    <subfield code="2">rdacontent</subfield>
  </datafield>
  <datafield tag="337" ind1=" " ind2=" ">
    <subfield code="a">unmediated</subfield>
    <subfield code="b">n</subfield>
    <subfield code="2">rdamedia</subfield>
  </datafield>
  <datafield tag="338" ind1=" " ind2=" ">
    <subfield code="a">volume</subfield>
    <subfield code="b">nc</subfield>
    <subfield code="2">rdacarrier</subfield>
  </datafield>
  <datafield tag="505" ind1="0" ind2=" ">
    <subfield code="a">Pasażer -- Zielone Dzieci -- Przetwory -- Szwy -- Wizyta -- Prawdziwa historia -- Serce -- Transfugium -- Góra Wszystkich Świętych -- Kalendarz ludzkich świąt.</subfield>
  </datafield>
  <datafield tag="520" ind1=" " ind2=" ">
    <subfield code="a">&quot;Pochodzące z języka francuskiego słowo &apos;bizarre&apos; znaczy: dziwny, zmienny, ale też śmieszny i niezwykły. Taka właśnie - zadziwiająca i wymykająca się wszelkim kategoriom - jest najnowsza książka Olgi Tokarczuk. Dziesięć opowiadań. Każde z nich toczy się w innej przestrzeni. Wołyń w epoce potopu szwedzkiego, współczesna Szwajcaria, odległa Azja i miejsca wyimaginowane. Czym jest poczucie dziwności i skąd ono pochodzi?  Czy dziwność jest cechą świata, czy może jest w nas? Zmienny rytm opowiadań sprawia, że czytelnik ani przez chwilę nie może być pewny tego, co wydarzy się na kolejnej stronie. Olga Tokarczuk wytrąca nas ze strefy komfortu, wskazując, że świat staje się coraz bardziej niepojęty. Obecne w opowiadaniach elementy groteski, czarnego humoru, fantastyki i grozy unaoczniają, że w naszej rzeczywistości nic nie jest takim, jakim się wydaje.&quot;--</subfield>
    <subfield code="c">Provided by publisher.</subfield>
  </datafield>
  <datafield tag="650" ind1=" " ind2="0">
    <subfield code="a">Short stories, Polish.</subfield>
  </datafield>
  <datafield tag="650" ind1=" " ind2="0">
    <subfield code="a">Short stories</subfield>
    <subfield code="x">Women authors.</subfield>
  </datafield>
  <datafield tag="650" ind1=" " ind2="7">
    <subfield code="a">Short stories, Polish.</subfield>
    <subfield code="2">fast</subfield>
    <subfield code="0">(OCoLC)fst01117334</subfield>
  </datafield>
  <datafield tag="650" ind1=" " ind2="7">
    <subfield code="a">Women authors.</subfield>
    <subfield code="2">fast</subfield>
    <subfield code="0">(OCoLC)fst01177198</subfield>
  </datafield>
  <datafield tag="648" ind1=" " ind2="7">
    <subfield code="a">2000-2099</subfield>
    <subfield code="2">fast</subfield>
  </datafield>
  <datafield tag="655" ind1=" " ind2="7">
    <subfield code="a">Short stories.</subfield>
    <subfield code="2">fast</subfield>
    <subfield code="0">(OCoLC)fst01726740</subfield>
  </datafield>
  <datafield tag="655" ind1=" " ind2="7">
    <subfield code="a">Short stories.</subfield>
    <subfield code="2">lcgft</subfield>
  </datafield>
</record>