
<record>
  <leader>03105cam a22005055i 4500</leader>
  <controlfield tag="001">21342029</controlfield>
  <controlfield tag="005">20200103095351.0</controlfield>
  <controlfield tag="008">191219t20192019pl a     b    001 0 pol c</controlfield>
  <datafield tag="906" ind1=" " ind2=" ">
    <subfield code="a">0</subfield>
    <subfield code="b">ibc</subfield>
    <subfield code="c">pccadap</subfield>
    <subfield code="d">3</subfield>
    <subfield code="e">ncip</subfield>
    <subfield code="f">20</subfield>
    <subfield code="g">y-nonroman</subfield>
  </datafield>
  <datafield tag="925" ind1="0" ind2=" ">
    <subfield code="a">acquire</subfield>
    <subfield code="b">1 shelf copy</subfield>
    <subfield code="x">policy default</subfield>
  </datafield>
  <datafield tag="955" ind1=" " ind2=" ">
    <subfield code="b">fc19 2019-12-19 z-processor JACKPHY</subfield>
    <subfield code="a">fc00 2019-12-19 to GS/ECE</subfield>
    <subfield code="i">fc19 2020-01-03 Telework</subfield>
  </datafield>
  <datafield tag="010" ind1=" " ind2=" ">
    <subfield code="a">  2019453477</subfield>
  </datafield>
  <datafield tag="020" ind1=" " ind2=" ">
    <subfield code="a">9788380986084</subfield>
  </datafield>
  <datafield tag="020" ind1=" " ind2=" ">
    <subfield code="a">8380986083</subfield>
  </datafield>
  <datafield tag="035" ind1=" " ind2=" ">
    <subfield code="a">(OCoLC)on1121478705</subfield>
  </datafield>
  <datafield tag="040" ind1=" " ind2=" ">
    <subfield code="a">STF</subfield>
    <subfield code="b">eng</subfield>
    <subfield code="c">STF</subfield>
    <subfield code="e">rda</subfield>
    <subfield code="d">OCLCO</subfield>
    <subfield code="d">YUS</subfield>
    <subfield code="d">OCLCF</subfield>
    <subfield code="d">IUL</subfield>
    <subfield code="d">DLC</subfield>
  </datafield>
  <datafield tag="041" ind1="0" ind2=" ">
    <subfield code="a">pol</subfield>
    <subfield code="b">eng</subfield>
    <subfield code="b">rus</subfield>
  </datafield>
  <datafield tag="042" ind1=" " ind2=" ">
    <subfield code="a">pcc</subfield>
  </datafield>
  <datafield tag="043" ind1=" " ind2=" ">
    <subfield code="a">e-pl---</subfield>
  </datafield>
  <datafield tag="050" ind1="0" ind2="0">
    <subfield code="a">HD38.7</subfield>
    <subfield code="b">.W96 2019</subfield>
  </datafield>
  <datafield tag="245" ind1="0" ind2="0">
    <subfield code="a">Wyniki pracy wywiadu naukowo-technicznego MSW PRL 1971-1989 =</subfield>
    <subfield code="b">The results of the operations of the scientific-technical intelligence of the Polish People&apos;s Republic 1971-1989 = Rezulʹtaty dei︠a︡telʹnosti nauchno-tekhnicheskoĭ razvedki Ministerstva vnutrennikh del Polʹskoĭ Narodnoĭ Respubliki v 1971-1989 gg. /</subfield>
    <subfield code="c">opracował i wstępem poprzedził Mirosław Sikora.</subfield>
  </datafield>
  <datafield tag="246" ind1="3" ind2=" ">
    <subfield code="a">Wyniki pracy wywiadu naukowo-technicznego Ministerstwa Spraw Wewnętrznych Polskiej Rzeczpospolitej Ludowej 1971-1989</subfield>
  </datafield>
  <datafield tag="246" ind1="1" ind2=" ">
    <subfield code="i">English summary title:</subfield>
    <subfield code="a">Results of the operations of the scientific-technical intelligence of the Polish People&apos;s Republic 1971-1989</subfield>
  </datafield>
  <datafield tag="246" ind1="1" ind2=" ">
    <subfield code="6">880-01</subfield>
    <subfield code="i">Russian summary title:</subfield>
    <subfield code="a">Rezulʹtaty dei︠a︡telʹnosti nauchno-tekhnicheskoĭ razvedki Ministerstva vnutrennikh del Polʹskoĭ Narodnoĭ Respubliki v 1971-1989 gg.</subfield>
  </datafield>
  <datafield tag="880" ind1="1" ind2=" ">
    <subfield code="6">246-01</subfield>
    <subfield code="i">Russian summary title:</subfield>
    <subfield code="a">Результаты деятельности научно-технической разведки Министерства внутренних дел Польской Народной Республики в 1971-1989 гг.</subfield>
  </datafield>
  <datafield tag="264" ind1=" " ind2="1">
    <subfield code="a">Katowice ;</subfield>
    <subfield code="a">Warszawa :</subfield>
    <subfield code="b">Instytut Pamięci Narodowej--Komisja Ścigania Zbrodni przeciwko Narodowi Polskiemu,</subfield>
    <subfield code="c">2019</subfield>
  </datafield>
  <datafield tag="264" ind1=" " ind2="4">
    <subfield code="c">©2019</subfield>
  </datafield>
  <datafield tag="300" ind1=" " ind2=" ">
    <subfield code="a">351 pages :</subfield>
    <subfield code="b">illustrations (some color) ;</subfield>
    <subfield code="c">24 cm</subfield>
  </datafield>
  <datafield tag="336" ind1=" " ind2=" ">
    <subfield code="a">text</subfield>
    <subfield code="b">txt</subfield>
    <subfield code="2">rdacontent</subfield>
  </datafield>
  <datafield tag="337" ind1=" " ind2=" ">
    <subfield code="a">unmediated</subfield>
    <subfield code="b">n</subfield>
    <subfield code="2">rdamedia</subfield>
  </datafield>
  <datafield tag="338" ind1=" " ind2=" ">
    <subfield code="a">volume</subfield>
    <subfield code="b">nc</subfield>
    <subfield code="2">rdacarrier</subfield>
  </datafield>
  <datafield tag="504" ind1=" " ind2=" ">
    <subfield code="a">Includes bibliographical references and index.</subfield>
  </datafield>
  <datafield tag="546" ind1=" " ind2=" ">
    <subfield code="a">Summary also in English and Russian.</subfield>
  </datafield>
  <datafield tag="650" ind1=" " ind2="0">
    <subfield code="a">Business intelligence</subfield>
    <subfield code="z">Poland</subfield>
    <subfield code="x">History</subfield>
    <subfield code="y">20th century</subfield>
    <subfield code="v">Sources.</subfield>
  </datafield>
  <datafield tag="650" ind1=" " ind2="0">
    <subfield code="a">Intelligence service</subfield>
    <subfield code="z">Poland</subfield>
    <subfield code="x">History</subfield>
    <subfield code="y">20th century</subfield>
    <subfield code="v">Sources.</subfield>
  </datafield>
  <datafield tag="610" ind1="1" ind2="0">
    <subfield code="a">Poland.</subfield>
    <subfield code="b">Ministerstwo Spraw Wewnętrznych</subfield>
    <subfield code="x">History</subfield>
    <subfield code="y">20th century</subfield>
    <subfield code="v">Sources.</subfield>
  </datafield>
  <datafield tag="610" ind1="1" ind2="7">
    <subfield code="a">Poland.</subfield>
    <subfield code="b">Ministerstwo Spraw Wewnętrznych.</subfield>
    <subfield code="2">fast</subfield>
    <subfield code="0">(OCoLC)fst00671591</subfield>
  </datafield>
  <datafield tag="650" ind1=" " ind2="7">
    <subfield code="a">Business intelligence.</subfield>
    <subfield code="2">fast</subfield>
    <subfield code="0">(OCoLC)fst00842723</subfield>
  </datafield>
  <datafield tag="650" ind1=" " ind2="7">
    <subfield code="a">Intelligence service.</subfield>
    <subfield code="2">fast</subfield>
    <subfield code="0">(OCoLC)fst00975848</subfield>
  </datafield>
  <datafield tag="651" ind1=" " ind2="7">
    <subfield code="a">Poland.</subfield>
    <subfield code="2">fast</subfield>
    <subfield code="0">(OCoLC)fst01206891</subfield>
  </datafield>
  <datafield tag="648" ind1=" " ind2="7">
    <subfield code="a">1900-1999</subfield>
    <subfield code="2">fast</subfield>
  </datafield>
  <datafield tag="655" ind1=" " ind2="7">
    <subfield code="a">History.</subfield>
    <subfield code="2">fast</subfield>
    <subfield code="0">(OCoLC)fst01411628</subfield>
  </datafield>
  <datafield tag="655" ind1=" " ind2="7">
    <subfield code="a">Sources.</subfield>
    <subfield code="2">fast</subfield>
    <subfield code="0">(OCoLC)fst01423900</subfield>
  </datafield>
  <datafield tag="700" ind1="1" ind2=" ">
    <subfield code="a">Sikora, Mirosław,</subfield>
    <subfield code="d">1981-</subfield>
    <subfield code="e">editor,</subfield>
    <subfield code="e">writer of introduction.</subfield>
  </datafield>
  <datafield tag="710" ind1="2" ind2=" ">
    <subfield code="a">Instytut Pamięci Narodowej--Komisja Ścigania Zbrodni przeciwko Narodowi Polskiemu.</subfield>
    <subfield code="b">Oddział w Katowicach,</subfield>
    <subfield code="e">issuing body.</subfield>
  </datafield>
</record>