
<record>
  <leader>04913cam a22004098i 4500</leader>
  <controlfield tag="001">21342866</controlfield>
  <controlfield tag="005">20200103063650.0</controlfield>
  <controlfield tag="008">191219s2020    msu      b    001 0 eng  </controlfield>
  <datafield tag="906" ind1=" " ind2=" ">
    <subfield code="a">0</subfield>
    <subfield code="b">ibc</subfield>
    <subfield code="c">orignew</subfield>
    <subfield code="d">1</subfield>
    <subfield code="e">ecip</subfield>
    <subfield code="f">20</subfield>
    <subfield code="g">y-gencatlg</subfield>
  </datafield>
  <datafield tag="925" ind1="0" ind2=" ">
    <subfield code="a">acquire</subfield>
    <subfield code="b">1 shelf copy</subfield>
    <subfield code="x">policy default</subfield>
  </datafield>
  <datafield tag="955" ind1=" " ind2=" ">
    <subfield code="b">MsSM 2019-12-19</subfield>
    <subfield code="e">rm04 2020-01-03 to Dewey</subfield>
  </datafield>
  <datafield tag="010" ind1=" " ind2=" ">
    <subfield code="a">  2019049770</subfield>
  </datafield>
  <datafield tag="020" ind1=" " ind2=" ">
    <subfield code="a">9781496826046</subfield>
    <subfield code="q">(hardcover)</subfield>
  </datafield>
  <datafield tag="020" ind1=" " ind2=" ">
    <subfield code="a">9781496826053</subfield>
    <subfield code="q">(paperback)</subfield>
  </datafield>
  <datafield tag="020" ind1=" " ind2=" ">
    <subfield code="z">9781496826060</subfield>
    <subfield code="q">(epub)</subfield>
  </datafield>
  <datafield tag="020" ind1=" " ind2=" ">
    <subfield code="z">9781496826077</subfield>
    <subfield code="q">(epub)</subfield>
  </datafield>
  <datafield tag="020" ind1=" " ind2=" ">
    <subfield code="z">9781496826084</subfield>
    <subfield code="q">(pdf)</subfield>
  </datafield>
  <datafield tag="020" ind1=" " ind2=" ">
    <subfield code="z">9781496826039</subfield>
    <subfield code="q">(pdf)</subfield>
  </datafield>
  <datafield tag="040" ind1=" " ind2=" ">
    <subfield code="a">MsSM/DLC</subfield>
    <subfield code="b">eng</subfield>
    <subfield code="e">rda</subfield>
    <subfield code="c">DLC</subfield>
  </datafield>
  <datafield tag="042" ind1=" " ind2=" ">
    <subfield code="a">pcc</subfield>
  </datafield>
  <datafield tag="050" ind1=" " ind2="4">
    <subfield code="a">LB1044.9.C59</subfield>
    <subfield code="b">W58 2020</subfield>
  </datafield>
  <datafield tag="245" ind1="0" ind2="0">
    <subfield code="a">With great power comes great pedagogy :</subfield>
    <subfield code="b">teaching, learning, and comics /</subfield>
    <subfield code="c">edited by Susan E. Kirtley, Antero Garcia, and Peter E. Carlson.</subfield>
  </datafield>
  <datafield tag="263" ind1=" " ind2=" ">
    <subfield code="a">2002</subfield>
  </datafield>
  <datafield tag="264" ind1=" " ind2="1">
    <subfield code="a">Jackson :</subfield>
    <subfield code="b">University Press of Mississippi,</subfield>
    <subfield code="c">2020.</subfield>
  </datafield>
  <datafield tag="300" ind1=" " ind2=" ">
    <subfield code="a">pages cm</subfield>
  </datafield>
  <datafield tag="336" ind1=" " ind2=" ">
    <subfield code="a">text</subfield>
    <subfield code="b">txt</subfield>
    <subfield code="2">rdacontent</subfield>
  </datafield>
  <datafield tag="337" ind1=" " ind2=" ">
    <subfield code="a">unmediated</subfield>
    <subfield code="b">n</subfield>
    <subfield code="2">rdamedia</subfield>
  </datafield>
  <datafield tag="338" ind1=" " ind2=" ">
    <subfield code="a">volume</subfield>
    <subfield code="b">nc</subfield>
    <subfield code="2">rdacarrier</subfield>
  </datafield>
  <datafield tag="504" ind1=" " ind2=" ">
    <subfield code="a">Includes bibliographical references and index.</subfield>
  </datafield>
  <datafield tag="505" ind1="0" ind2=" ">
    <subfield code="a">Preface: new directions for comics pedagogy -- Acknowledgments -- Introduction: a once and future pedagogy / Susan E. Kirtley, Antero Garcia, and Peter E. Carlson -- Part I: Foundations of comics pedagogy -- Text, object, transaction: reconciling approaches to the teaching of comics / Dale Jacobs -- Wonder women and the web: how female comics creators leap from private to public in a single bound / Aimee Valentine -- Teaching typical comics: overcoming the biases of comics pedagogy with online tools / Bart Beaty -- Put some light into the world: an interview with Brian Michael Bendis and David Walker / Johnny Parker II -- Part II: Comics pedagogy in practice -- On copying / Ebony Flowers Kalir -- Thinking in comics: all hands-on in the classroom / Nick Sousanis -- Transmedia superheroes, multimodal composition, and digital literacy / Ben Bolling -- Truth, justice, and the Victorian way: how comics and superheroes might subvert student reading of classic literature / Benjamin J. Villarreal -- The uncanny power of comic books: achieving interdisciplinary learning through superhero comic books / James Kelley -- Teaching the unthinkable image: an interview with Lynda Barry / Leah Misemer -- Part III: Future directions in comics pedagogy -- Comic art research: achievements, shortcomings, and remedies / John A. Lent -- Misunderstanding comics / Johnathan Flowers -- In the cards: collaboration and comic-making in the traditional English classroom / Nick Sousanis and Frederik Byrn Køhlert -- Educated bitches: an interview with Kelly Sue DeConnick / Jenny Blenk -- Conclusion: the great responsibility of a comics pedagogy -- Contributors -- Index.</subfield>
  </datafield>
  <datafield tag="520" ind1=" " ind2=" ">
    <subfield code="a">&quot;Contributions by Bart Beaty, Jenny Blenk, Ben Bolling, Peter Carlson, Jonathan Flowers, Antero Garcia, Dale Jacobs, Ebony Flowers Kalir, James Kelley, Susan Kirtley, Frederik Kohlert, John A. Lent, Leah Misemer, Johnny Parker II, Nick Sousanis, Aimee Valentine, and Benjamin J. Villarreal More and more educators are using comics in the classroom. As such, this edited volume sets out the stakes, definitions, and exemplars of recent comics pedagogy, from K-12 contexts to higher education instruction to ongoing communities of scholars working outside of the academy. Building upon interdisciplinary approaches to teaching comics and teaching with comics, this book brings together diverse voices to share key theories and research on comics pedagogy. By gathering scholars, creators, and educators across various fields and in K-12 as well as university settings, editors Susan Kirtley, Antero Garcia, and Peter Carlson significantly expand scholarship. This valuable resource offers both critical pieces and engaging interviews with key comics professionals who reflect on their own teaching experience and on considerations of the benefits of creating comics in education. Included are interviews with acclaimed comics writers Lynda Barry, Brian Michael Bendis, Kelly Sue DeConnick, and David Walker, as well as essays spanning from studying the use of superhero comics in the classroom to the ways comics can enrich and empower young readers. The inclusion of creators, scholars, and teachers leads to perspectives that make this volume unlike any other currently available. These voices echo the diverse needs of the many stakeholders invested in using comics in education today&quot;--</subfield>
    <subfield code="c">Provided by publisher.</subfield>
  </datafield>
  <datafield tag="650" ind1=" " ind2="0">
    <subfield code="a">Comic books, strips, etc., in education.</subfield>
  </datafield>
  <datafield tag="700" ind1="1" ind2=" ">
    <subfield code="a">Kirtley, Susan E.,</subfield>
    <subfield code="d">1972-</subfield>
    <subfield code="e">editor.</subfield>
  </datafield>
  <datafield tag="700" ind1="1" ind2=" ">
    <subfield code="a">Garcia, Antero,</subfield>
    <subfield code="e">editor.</subfield>
  </datafield>
  <datafield tag="700" ind1="1" ind2=" ">
    <subfield code="a">Carlson, Peter E.,</subfield>
    <subfield code="d">1977-</subfield>
    <subfield code="e">editor.</subfield>
  </datafield>
  <datafield tag="776" ind1="0" ind2="8">
    <subfield code="i">Online version:</subfield>
    <subfield code="t">With great power comes great pedagogy</subfield>
    <subfield code="d">Jackson : University Press of Mississippi, 2020.</subfield>
    <subfield code="z">9781496826060</subfield>
    <subfield code="w">(DLC) 2019049771</subfield>
  </datafield>
  <datafield tag="985" ind1=" " ind2=" ">
    <subfield code="a">MsSMCIP</subfield>
    <subfield code="d">2019-12-19</subfield>
  </datafield>
</record>