
<record>
  <leader>02551cam a22003378i 4500</leader>
  <controlfield tag="001">21342947</controlfield>
  <controlfield tag="005">20200103091553.0</controlfield>
  <controlfield tag="008">191220s2020    nyu           000 1 eng  </controlfield>
  <datafield tag="906" ind1=" " ind2=" ">
    <subfield code="a">0</subfield>
    <subfield code="b">ibc</subfield>
    <subfield code="c">orignew</subfield>
    <subfield code="d">1</subfield>
    <subfield code="e">ecip</subfield>
    <subfield code="f">20</subfield>
    <subfield code="g">y-gencatlg</subfield>
  </datafield>
  <datafield tag="925" ind1="0" ind2=" ">
    <subfield code="a">acquire</subfield>
    <subfield code="b">1 shelf copy</subfield>
    <subfield code="x">policy default</subfield>
  </datafield>
  <datafield tag="955" ind1=" " ind2=" ">
    <subfield code="b">rm14 2019-12-20</subfield>
    <subfield code="c">rm14 2019-12-20 (to USPRLL/LIT)</subfield>
    <subfield code="i">xk34 2020-01-02 to review</subfield>
    <subfield code="r">xk01 2020-01-03</subfield>
  </datafield>
  <datafield tag="010" ind1=" " ind2=" ">
    <subfield code="a">  2019059324</subfield>
  </datafield>
  <datafield tag="020" ind1=" " ind2=" ">
    <subfield code="a">9780593135051</subfield>
    <subfield code="q">(hardcover ;</subfield>
    <subfield code="q">acid-free paper)</subfield>
  </datafield>
  <datafield tag="020" ind1=" " ind2=" ">
    <subfield code="z">9780593135068</subfield>
    <subfield code="q">(ebook)</subfield>
  </datafield>
  <datafield tag="040" ind1=" " ind2=" ">
    <subfield code="a">DLC</subfield>
    <subfield code="b">eng</subfield>
    <subfield code="e">rda</subfield>
    <subfield code="c">DLC</subfield>
  </datafield>
  <datafield tag="042" ind1=" " ind2=" ">
    <subfield code="a">pcc</subfield>
  </datafield>
  <datafield tag="050" ind1="0" ind2="0">
    <subfield code="a">PS3610.O36634</subfield>
    <subfield code="b">S63 2020</subfield>
  </datafield>
  <datafield tag="082" ind1="0" ind2="0">
    <subfield code="a">813/.6</subfield>
    <subfield code="2">23</subfield>
  </datafield>
  <datafield tag="100" ind1="1" ind2=" ">
    <subfield code="a">Johnson, Micaiah,</subfield>
    <subfield code="e">author.</subfield>
  </datafield>
  <datafield tag="245" ind1="1" ind2="4">
    <subfield code="a">The space between worlds /</subfield>
    <subfield code="c">Micaiah Johnson.</subfield>
  </datafield>
  <datafield tag="250" ind1=" " ind2=" ">
    <subfield code="a">First edition.</subfield>
  </datafield>
  <datafield tag="263" ind1=" " ind2=" ">
    <subfield code="a">2008</subfield>
  </datafield>
  <datafield tag="264" ind1=" " ind2="1">
    <subfield code="a">New York :</subfield>
    <subfield code="b">Del Rey,</subfield>
    <subfield code="c">[2020]</subfield>
  </datafield>
  <datafield tag="300" ind1=" " ind2=" ">
    <subfield code="a">pages cm</subfield>
  </datafield>
  <datafield tag="336" ind1=" " ind2=" ">
    <subfield code="a">text</subfield>
    <subfield code="b">txt</subfield>
    <subfield code="2">rdacontent</subfield>
  </datafield>
  <datafield tag="337" ind1=" " ind2=" ">
    <subfield code="a">unmediated</subfield>
    <subfield code="b">n</subfield>
    <subfield code="2">rdamedia</subfield>
  </datafield>
  <datafield tag="338" ind1=" " ind2=" ">
    <subfield code="a">volume</subfield>
    <subfield code="b">nc</subfield>
    <subfield code="2">rdacarrier</subfield>
  </datafield>
  <datafield tag="520" ind1=" " ind2=" ">
    <subfield code="a">&quot;A multiverse-hopping outsider discovers a secret that threatens her home world and her fragile place in it-a stunning sci-fi debut that&apos;s both a cross-dimensional adventure and a powerful examination of identity, privilege, and belonging. CARA IS DEAD ON THREE HUNDRED AND SEVENTY-FOUR WORLDS. The multiverse business is booming, but there&apos;s just one catch: no one can visit a world where their counterpart is still alive. Enter Cara, whose parallel selves happen to be exceptionally good at dying-from diseases, from turf wars, from vendettas they couldn&apos;t outrun. But on this earth, Cara&apos;s survived. And she&apos;s reaping the benefits, thanks to the well-heeled Wiley City scientists who ID&apos;d her as an outlier and plucked her from the dirt. Now she&apos;s got a new job collecting offworld data, a path to citizenship, and a near-perfect Wiley City accent. Now she can pretend she&apos;s always lived in the city she grew up staring at from the outside, even if she feels like a fraud on either side of its walls. But when one of her eight remaining doppelgangers dies under mysterious circumstances, Cara is plunged into a new world with an old secret. What she discovers will connect her past and future in ways she never could have imagined-and reveal her own role in a plot that endangers not just her world, but the entire multiverse&quot;--</subfield>
    <subfield code="c">Provided by publisher.</subfield>
  </datafield>
  <datafield tag="655" ind1=" " ind2="7">
    <subfield code="a">Science fiction.</subfield>
    <subfield code="2">gsafd</subfield>
  </datafield>
  <datafield tag="655" ind1=" " ind2="7">
    <subfield code="a">Suspense fiction.</subfield>
    <subfield code="2">gsafd</subfield>
  </datafield>
  <datafield tag="776" ind1="0" ind2="8">
    <subfield code="i">Online version:</subfield>
    <subfield code="a">Johnson, Micaiah,</subfield>
    <subfield code="t">The space between worlds</subfield>
    <subfield code="b">First edition.</subfield>
    <subfield code="d">New York : Del Rey, [2020]</subfield>
    <subfield code="z">9780593135068</subfield>
    <subfield code="w">(DLC) 2019059325</subfield>
  </datafield>
</record>