
<record>
  <leader>02311cam a22003258i 4500</leader>
  <controlfield tag="001">21343138</controlfield>
  <controlfield tag="005">20200103152846.0</controlfield>
  <controlfield tag="008">191220s2019    miu      b    001 0 eng  </controlfield>
  <datafield tag="906" ind1=" " ind2=" ">
    <subfield code="a">7</subfield>
    <subfield code="b">cbc</subfield>
    <subfield code="c">orignew</subfield>
    <subfield code="d">1</subfield>
    <subfield code="e">ecip</subfield>
    <subfield code="f">20</subfield>
    <subfield code="g">y-gencatlg</subfield>
  </datafield>
  <datafield tag="925" ind1="0" ind2=" ">
    <subfield code="a">acquire</subfield>
    <subfield code="b">1 shelf copy</subfield>
    <subfield code="x">policy default</subfield>
  </datafield>
  <datafield tag="955" ind1=" " ind2=" ">
    <subfield code="b">rm06 2019-12-20</subfield>
    <subfield code="c">rm06 2019-12-20</subfield>
    <subfield code="d">rm03 2019-12-20</subfield>
    <subfield code="e">rm04 2020-01-03 to Dewey</subfield>
    <subfield code="w">xm09 2020-1-3</subfield>
  </datafield>
  <datafield tag="010" ind1=" " ind2=" ">
    <subfield code="a">  2019047814</subfield>
  </datafield>
  <datafield tag="020" ind1=" " ind2=" ">
    <subfield code="a">9781578596362</subfield>
    <subfield code="q">(paperback)</subfield>
  </datafield>
  <datafield tag="020" ind1=" " ind2=" ">
    <subfield code="z">9781578597116</subfield>
    <subfield code="q">(epub)</subfield>
  </datafield>
  <datafield tag="040" ind1=" " ind2=" ">
    <subfield code="a">DLC</subfield>
    <subfield code="b">eng</subfield>
    <subfield code="e">rda</subfield>
    <subfield code="c">DLC</subfield>
  </datafield>
  <datafield tag="042" ind1=" " ind2=" ">
    <subfield code="a">pcc</subfield>
  </datafield>
  <datafield tag="050" ind1="0" ind2="0">
    <subfield code="a">HQ1410</subfield>
    <subfield code="b">.F43 2019</subfield>
  </datafield>
  <datafield tag="082" ind1="0" ind2="0">
    <subfield code="a">305.40973</subfield>
    <subfield code="2">23</subfield>
  </datafield>
  <datafield tag="100" ind1="1" ind2=" ">
    <subfield code="a">Felder, Deborah G.,</subfield>
    <subfield code="e">author.</subfield>
  </datafield>
  <datafield tag="245" ind1="1" ind2="4">
    <subfield code="a">The American women&apos;s almanac :</subfield>
    <subfield code="b">500 years of making history /</subfield>
    <subfield code="c">Deborah G. Felder.</subfield>
  </datafield>
  <datafield tag="263" ind1=" " ind2=" ">
    <subfield code="a">2002</subfield>
  </datafield>
  <datafield tag="264" ind1=" " ind2="1">
    <subfield code="a">Detroit :</subfield>
    <subfield code="b">Visible Ink,</subfield>
    <subfield code="c">[2019]</subfield>
  </datafield>
  <datafield tag="300" ind1=" " ind2=" ">
    <subfield code="a">pages cm</subfield>
  </datafield>
  <datafield tag="336" ind1=" " ind2=" ">
    <subfield code="a">text</subfield>
    <subfield code="b">txt</subfield>
    <subfield code="2">rdacontent</subfield>
  </datafield>
  <datafield tag="337" ind1=" " ind2=" ">
    <subfield code="a">unmediated</subfield>
    <subfield code="b">n</subfield>
    <subfield code="2">rdamedia</subfield>
  </datafield>
  <datafield tag="338" ind1=" " ind2=" ">
    <subfield code="a">volume</subfield>
    <subfield code="b">nc</subfield>
    <subfield code="2">rdacarrier</subfield>
  </datafield>
  <datafield tag="504" ind1=" " ind2=" ">
    <subfield code="a">Includes bibliographical references and index.</subfield>
  </datafield>
  <datafield tag="520" ind1=" " ind2=" ">
    <subfield code="a">&quot;The most complete and affordable single-volume reference on women&apos;s history available today, this almanac is a unique and valuable resource devoted to illustrating the moving and often lost history of women in America. A fascinating mix of biographies, little-known or misunderstood historical facts, enlightening essays on significant legislation and movements, this book also contains numerous photographs and illustrations. Honoring and celebrating the vital role of women in American history, this fascinating tome provides insights on the long-ignored influence, inspiration, and impact of women on U.S. society and culture. The most illustrious figures, as well as less-known stars, are illuminated, including Louisa May Alcott, Susan B. Anthony, Clara Barton, Mary McCleod Bethune, Nellie Bly, Amelia Earhart, Jessie Benton Fremont, Marguerite Higgins, Grace Hopper, Julia Ward Howe, Harriet Jacobs, Barbara Jordan, Julie Krone, Juliette Gordon Lowe, Dolley Madison, Lynn Nottage, Pocahontas, Jeanette Rankin, Sally Ride, Bernice Sandler, and approximately 350 others&quot;--</subfield>
    <subfield code="c">Provided by publisher.</subfield>
  </datafield>
  <datafield tag="650" ind1=" " ind2="0">
    <subfield code="a">Women</subfield>
    <subfield code="z">United States</subfield>
    <subfield code="x">History.</subfield>
  </datafield>
  <datafield tag="776" ind1="0" ind2="8">
    <subfield code="i">Online version:</subfield>
    <subfield code="a">Felder, Deborah G.,</subfield>
    <subfield code="t">The American women&apos;s almanac</subfield>
    <subfield code="d">Detroit : Visible Ink Press, 2020.</subfield>
    <subfield code="z">9781578597116</subfield>
    <subfield code="w">(DLC) 2019047815</subfield>
  </datafield>
</record>