
<record>
  <leader>02939cim a2200505 i 4500</leader>
  <controlfield tag="001">21344651</controlfield>
  <controlfield tag="005">20200103100251.0</controlfield>
  <controlfield tag="007">sd fsngnnzmned</controlfield>
  <controlfield tag="008">191223t20192019mdunnn|        z  | eng  </controlfield>
  <datafield tag="906" ind1=" " ind2=" ">
    <subfield code="a">0</subfield>
    <subfield code="b">ibc</subfield>
    <subfield code="c">origres</subfield>
    <subfield code="d">2</subfield>
    <subfield code="e">ncip</subfield>
    <subfield code="f">20</subfield>
    <subfield code="g">y-soundrec</subfield>
  </datafield>
  <datafield tag="925" ind1="0" ind2=" ">
    <subfield code="a">acquire</subfield>
    <subfield code="b">2 shelf copies</subfield>
    <subfield code="x">policy default</subfield>
  </datafield>
  <datafield tag="955" ind1=" " ind2=" ">
    <subfield code="a">qr40 2019-12-23 z-client</subfield>
    <subfield code="i">qr40 2019-12-23</subfield>
  </datafield>
  <datafield tag="010" ind1=" " ind2=" ">
    <subfield code="a">  2019657117</subfield>
  </datafield>
  <datafield tag="020" ind1=" " ind2=" ">
    <subfield code="a">9781980002383</subfield>
  </datafield>
  <datafield tag="028" ind1="0" ind2="1">
    <subfield code="a">C05299</subfield>
    <subfield code="b">Recorded Books</subfield>
  </datafield>
  <datafield tag="040" ind1=" " ind2=" ">
    <subfield code="a">DLC</subfield>
    <subfield code="b">eng</subfield>
    <subfield code="e">rda</subfield>
    <subfield code="c">DLC</subfield>
  </datafield>
  <datafield tag="050" ind1="0" ind2="0">
    <subfield code="a">RZC 6948</subfield>
  </datafield>
  <datafield tag="100" ind1="1" ind2=" ">
    <subfield code="a">Miodownik, Mark,</subfield>
    <subfield code="e">author.</subfield>
  </datafield>
  <datafield tag="240" ind1="1" ind2="0">
    <subfield code="a">Liquid rules.</subfield>
    <subfield code="s">Spoken word</subfield>
  </datafield>
  <datafield tag="245" ind1="1" ind2="0">
    <subfield code="a">Liquid rules :</subfield>
    <subfield code="b">the delightful and dangerous substances that flow through our lives /</subfield>
    <subfield code="c">Mark Miodownik.</subfield>
  </datafield>
  <datafield tag="250" ind1=" " ind2=" ">
    <subfield code="a">Unabridged.</subfield>
  </datafield>
  <datafield tag="264" ind1=" " ind2="1">
    <subfield code="a">Prince Frederick, MD :</subfield>
    <subfield code="b">Recorded Books,</subfield>
    <subfield code="c">[2019]</subfield>
  </datafield>
  <datafield tag="264" ind1=" " ind2="4">
    <subfield code="c">℗2019</subfield>
  </datafield>
  <datafield tag="300" ind1=" " ind2=" ">
    <subfield code="a">6 audio discs (7.25 hours) :</subfield>
    <subfield code="b">digital ;</subfield>
    <subfield code="c">4 3/4 in.</subfield>
  </datafield>
  <datafield tag="306" ind1=" " ind2=" ">
    <subfield code="a">071500</subfield>
  </datafield>
  <datafield tag="336" ind1=" " ind2=" ">
    <subfield code="a">spoken word</subfield>
    <subfield code="b">spw</subfield>
    <subfield code="2">rdacontent</subfield>
  </datafield>
  <datafield tag="337" ind1=" " ind2=" ">
    <subfield code="a">audio</subfield>
    <subfield code="b">s</subfield>
    <subfield code="2">rdamedia</subfield>
  </datafield>
  <datafield tag="338" ind1=" " ind2=" ">
    <subfield code="a">audio disc</subfield>
    <subfield code="b">sd</subfield>
    <subfield code="2">rdacarrier</subfield>
  </datafield>
  <datafield tag="344" ind1=" " ind2=" ">
    <subfield code="a">digital</subfield>
    <subfield code="2">rdatr</subfield>
  </datafield>
  <datafield tag="344" ind1=" " ind2=" ">
    <subfield code="b">optical</subfield>
    <subfield code="2">rdarm</subfield>
  </datafield>
  <datafield tag="344" ind1=" " ind2=" ">
    <subfield code="g">stereo</subfield>
    <subfield code="2">rdacpc</subfield>
  </datafield>
  <datafield tag="347" ind1=" " ind2=" ">
    <subfield code="a">audio file</subfield>
    <subfield code="2">rdaft</subfield>
  </datafield>
  <datafield tag="347" ind1=" " ind2=" ">
    <subfield code="b">CD audio</subfield>
  </datafield>
  <datafield tag="500" ind1=" " ind2=" ">
    <subfield code="a">Title from container.</subfield>
  </datafield>
  <datafield tag="511" ind1="0" ind2=" ">
    <subfield code="a">Narrated by Michael Page.</subfield>
  </datafield>
  <datafield tag="500" ind1=" " ind2=" ">
    <subfield code="a">Recordable compact discs.</subfield>
  </datafield>
  <datafield tag="500" ind1=" " ind2=" ">
    <subfield code="a">In container (17 cm.).</subfield>
  </datafield>
  <datafield tag="520" ind1=" " ind2=" ">
    <subfield code="a">&quot;Sometimes explosive, often delicious, occasionally poisonous, but always interesting: the New York Times best-selling author of Stuff Matters show us the secret lives of liquids: the shadow counterpart of our solid &quot;stuff.&quot; We all know that without water we couldn&apos;t survive, and that sometimes a cup of coffee or a glass of wine feels just as vital. But do we really understand how much we rely on liquids, or the destructive power they hold? Set over the course of a flight from London to San Francisco, Liquid Rules offers readers a fascinating tour of these formless substances, told through the language of molecules, droplets, heartbeats, and ocean waves. Throughout the trip, we encounter fluids within the plane-from a seemingly ordinary cup of tea to a liquid crystal display screen-and without, in the volcanoes of Iceland, the frozen expanse of Greenland, and the marvelous California coastline. We come to see liquids as substances of wonder and fascination, and to understand their potential for death and destruction. Just as in Stuff Matters, Mark Miodownik&apos;s unique brand of scientific storytelling brings liquids and their mysterious properties to life in a captivating new way.&quot;</subfield>
  </datafield>
  <datafield tag="650" ind1=" " ind2="0">
    <subfield code="a">Liquids</subfield>
    <subfield code="v">Popular works.</subfield>
  </datafield>
  <datafield tag="650" ind1=" " ind2="0">
    <subfield code="a">Matter</subfield>
    <subfield code="x">Properties</subfield>
    <subfield code="v">Popular works.</subfield>
  </datafield>
  <datafield tag="650" ind1=" " ind2="0">
    <subfield code="a">Science.</subfield>
  </datafield>
  <datafield tag="655" ind1=" " ind2="7">
    <subfield code="a">Audiobooks.</subfield>
    <subfield code="2">lcgft</subfield>
  </datafield>
  <datafield tag="700" ind1="1" ind2=" ">
    <subfield code="a">Page, Michael</subfield>
    <subfield code="q">(Michael J.),</subfield>
    <subfield code="e">narrator.</subfield>
  </datafield>
  <datafield tag="856" ind1="4" ind2=" ">
    <subfield code="3">recordedbooks.com</subfield>
    <subfield code="u">https://www.recordedbooks.com/title-details/9781980002383</subfield>
  </datafield>
  <datafield tag="856" ind1="4" ind2=" ">
    <subfield code="3">RBMedia</subfield>
    <subfield code="u">http://d2cv0ie6dlin9h.cloudfront.net/C05299/C05299_image_148x230.jpg</subfield>
  </datafield>
</record>