
<record>
  <leader>03071cam a22003858i 4500</leader>
  <controlfield tag="001">21345930</controlfield>
  <controlfield tag="005">20200103074055.0</controlfield>
  <controlfield tag="008">191227s2020    nyu      b    001 0 eng  </controlfield>
  <datafield tag="906" ind1=" " ind2=" ">
    <subfield code="a">0</subfield>
    <subfield code="b">ibc</subfield>
    <subfield code="c">orignew</subfield>
    <subfield code="d">1</subfield>
    <subfield code="e">ecip</subfield>
    <subfield code="f">20</subfield>
    <subfield code="g">y-gencatlg</subfield>
  </datafield>
  <datafield tag="925" ind1="0" ind2=" ">
    <subfield code="a">acquire</subfield>
    <subfield code="b">1 shelf copy</subfield>
    <subfield code="x">policy default</subfield>
  </datafield>
  <datafield tag="955" ind1=" " ind2=" ">
    <subfield code="b">ICU 2019-12-27</subfield>
    <subfield code="e">xk34 2020-01-03 to Dewey</subfield>
  </datafield>
  <datafield tag="010" ind1=" " ind2=" ">
    <subfield code="a">  2019059918</subfield>
  </datafield>
  <datafield tag="020" ind1=" " ind2=" ">
    <subfield code="a">9780521766241</subfield>
    <subfield code="q">(hardback)</subfield>
  </datafield>
  <datafield tag="020" ind1=" " ind2=" ">
    <subfield code="z">9781139028363</subfield>
    <subfield code="q">(epub)</subfield>
  </datafield>
  <datafield tag="040" ind1=" " ind2=" ">
    <subfield code="a">ICU/DLC</subfield>
    <subfield code="b">eng</subfield>
    <subfield code="e">rda</subfield>
    <subfield code="c">DLC</subfield>
  </datafield>
  <datafield tag="041" ind1="0" ind2=" ">
    <subfield code="a">lat</subfield>
    <subfield code="a">eng</subfield>
  </datafield>
  <datafield tag="042" ind1=" " ind2=" ">
    <subfield code="a">pcc</subfield>
  </datafield>
  <datafield tag="050" ind1="0" ind2="0">
    <subfield code="a">PA6568</subfield>
    <subfield code="b">.P8 2020</subfield>
  </datafield>
  <datafield tag="100" ind1="1" ind2=" ">
    <subfield code="a">Plautus, Titus Maccius,</subfield>
    <subfield code="e">author.</subfield>
  </datafield>
  <datafield tag="240" ind1="1" ind2="0">
    <subfield code="a">Pseudolus</subfield>
  </datafield>
  <datafield tag="245" ind1="1" ind2="0">
    <subfield code="a">Plautus: Pseudolus /</subfield>
    <subfield code="c">David Christenson.</subfield>
  </datafield>
  <datafield tag="263" ind1=" " ind2=" ">
    <subfield code="a">2005</subfield>
  </datafield>
  <datafield tag="264" ind1=" " ind2="1">
    <subfield code="a">New York :</subfield>
    <subfield code="b">Cambridge University Press,</subfield>
    <subfield code="c">2020.</subfield>
  </datafield>
  <datafield tag="300" ind1=" " ind2=" ">
    <subfield code="a">pages cm</subfield>
  </datafield>
  <datafield tag="336" ind1=" " ind2=" ">
    <subfield code="a">text</subfield>
    <subfield code="b">txt</subfield>
    <subfield code="2">rdacontent</subfield>
  </datafield>
  <datafield tag="337" ind1=" " ind2=" ">
    <subfield code="a">unmediated</subfield>
    <subfield code="b">n</subfield>
    <subfield code="2">rdamedia</subfield>
  </datafield>
  <datafield tag="338" ind1=" " ind2=" ">
    <subfield code="a">volume</subfield>
    <subfield code="b">nc</subfield>
    <subfield code="2">rdacarrier</subfield>
  </datafield>
  <datafield tag="490" ind1="1" ind2=" ">
    <subfield code="a">Cambridge Greek and Latin classics</subfield>
  </datafield>
  <datafield tag="504" ind1=" " ind2=" ">
    <subfield code="a">Includes bibliographical references and index.</subfield>
  </datafield>
  <datafield tag="505" ind1="0" ind2=" ">
    <subfield code="a">Introduction -- Plautus the Playwright -- The Roman Appropriation of Greek Comedy -- Pseudolus: Plot, Characters and Poetics -- Language -- Music and Metre -- Text and Transmission -- Reception -- T. Macci Plavti Psevdolvs -- Commentary</subfield>
  </datafield>
  <datafield tag="520" ind1=" " ind2=" ">
    <subfield code="a">&quot;The historical Plautus remains elusive. The biographical tradition depends on Varro (116-27 bce), who lacked reliable sources. Today as in antiquity any detailed account of P.&apos;s life is an obvious scholarly construct. For example, the tantalizingly vague claim that P. earned money &apos;in the service of stage-personnel&apos; (Gel. 3.3.14 in operis artificium scaenicorum) plausibly supports competing notions of P. as a person of the theatre who got his start in Atellan farce or as a touring actor with the Artists of Dionysus. The dates given for P.&apos;s life, 254-184 bce, may not be exactly correct (they yield a neat seventy years), but match a dramatic career agreed to flourish from the last years of the Second Punic War (218-201 bce) to the mid 180s bce. We can accept the testimony of the production notice, preserved in the Ambrosian palimpsest, that ties Ps. to an important occasion at the Megalenses of 191 bce. The broader historical context for P.&apos;s work is Rome&apos;s ascendancy to Mediterranean &apos;superpower&apos; status and the social transformations accompanying this early phase of imperialism: increased migration of persons, customs, and ideas to the city-state (especially from Greece), an influx of wealth and property (including a greatly expanded supply of slaves), and inevitable collisions between Roman traditions and external innovations.6 Further facts of P.&apos;s professional life are scarce: he seems to have been the first Roman playwright to specialize in one dramatic genre (after Greek practice), and he worked with the famous actor-manager T. Publius Pellio.&quot;--</subfield>
    <subfield code="c">Provided by publisher.</subfield>
  </datafield>
  <datafield tag="600" ind1="1" ind2="0">
    <subfield code="a">Plautus, Titus Maccius.</subfield>
    <subfield code="t">Pseudolus.</subfield>
  </datafield>
  <datafield tag="700" ind1="1" ind2=" ">
    <subfield code="a">Christenson, David M.</subfield>
    <subfield code="q">(David Michael),</subfield>
    <subfield code="e">editor.</subfield>
  </datafield>
  <datafield tag="830" ind1=" " ind2="0">
    <subfield code="a">Cambridge Greek and Latin classics.</subfield>
  </datafield>
  <datafield tag="985" ind1=" " ind2=" ">
    <subfield code="a">ICUCIP</subfield>
    <subfield code="d">2019-12-27</subfield>
  </datafield>
</record>