
<record>
  <leader>04714cjm a2200709 i 4500</leader>
  <controlfield tag="001">21346218</controlfield>
  <controlfield tag="005">20200103075558.0</controlfield>
  <controlfield tag="007">sd fsngnnmmnee</controlfield>
  <controlfield tag="007">sd fmngnnmmnee</controlfield>
  <controlfield tag="008">191227r20181957fr ppn|  efia     | fre d</controlfield>
  <datafield tag="906" ind1=" " ind2=" ">
    <subfield code="a">7</subfield>
    <subfield code="b">cbc</subfield>
    <subfield code="c">copycat</subfield>
    <subfield code="d">2</subfield>
    <subfield code="e">ncip</subfield>
    <subfield code="f">20</subfield>
    <subfield code="g">y-soundrec</subfield>
  </datafield>
  <datafield tag="925" ind1="0" ind2=" ">
    <subfield code="a">acquire</subfield>
    <subfield code="b">2 shelf copies</subfield>
    <subfield code="x">policy default</subfield>
  </datafield>
  <datafield tag="955" ind1=" " ind2=" ">
    <subfield code="a">qr40 2019-12-27 z-client</subfield>
    <subfield code="i">qr40 2019-12-27</subfield>
  </datafield>
  <datafield tag="010" ind1=" " ind2=" ">
    <subfield code="a">  2019657123</subfield>
  </datafield>
  <datafield tag="024" ind1="3" ind2="0">
    <subfield code="a">3149020934319</subfield>
  </datafield>
  <datafield tag="028" ind1="0" ind2="2">
    <subfield code="a">2742773.74</subfield>
    <subfield code="b">Le Chant du Monde</subfield>
    <subfield code="q">(set)</subfield>
  </datafield>
  <datafield tag="028" ind1="0" ind2="2">
    <subfield code="a">2742773</subfield>
    <subfield code="b">Le Chant du Monde</subfield>
    <subfield code="q">(disc 1)</subfield>
  </datafield>
  <datafield tag="028" ind1="0" ind2="2">
    <subfield code="a">2742774</subfield>
    <subfield code="b">Le Chant du Monde</subfield>
    <subfield code="q">(disc 2)</subfield>
  </datafield>
  <datafield tag="033" ind1="2" ind2="0">
    <subfield code="a">1957----</subfield>
    <subfield code="a">1962----</subfield>
  </datafield>
  <datafield tag="035" ind1=" " ind2=" ">
    <subfield code="a">(OCoLC)on1030818593</subfield>
  </datafield>
  <datafield tag="040" ind1=" " ind2=" ">
    <subfield code="a">TDF</subfield>
    <subfield code="b">eng</subfield>
    <subfield code="e">rda</subfield>
    <subfield code="c">TDF</subfield>
    <subfield code="d">OCLCQ</subfield>
    <subfield code="d">NTG</subfield>
    <subfield code="d">OCLCF</subfield>
    <subfield code="d">CPL</subfield>
    <subfield code="d">SFR</subfield>
    <subfield code="d">OCL</subfield>
    <subfield code="d">STF</subfield>
    <subfield code="d">OCLCO</subfield>
    <subfield code="d">DLC</subfield>
  </datafield>
  <datafield tag="041" ind1="0" ind2=" ">
    <subfield code="d">fre</subfield>
    <subfield code="g">fre</subfield>
    <subfield code="g">eng</subfield>
    <subfield code="m">fre</subfield>
  </datafield>
  <datafield tag="042" ind1=" " ind2=" ">
    <subfield code="a">lccopycat</subfield>
  </datafield>
  <datafield tag="043" ind1=" " ind2=" ">
    <subfield code="a">e-fr---</subfield>
  </datafield>
  <datafield tag="050" ind1="0" ind2="0">
    <subfield code="a">SDD 32292</subfield>
  </datafield>
  <datafield tag="082" ind1="0" ind2="4">
    <subfield code="a">782.42164</subfield>
    <subfield code="2">23</subfield>
  </datafield>
  <datafield tag="100" ind1="1" ind2=" ">
    <subfield code="a">Gainsbourg, Serge,</subfield>
    <subfield code="e">composer,</subfield>
    <subfield code="e">singer,</subfield>
    <subfield code="e">instrumentalist.</subfield>
  </datafield>
  <datafield tag="240" ind1="1" ind2="0">
    <subfield code="a">Songs.</subfield>
    <subfield code="k">Selections</subfield>
  </datafield>
  <datafield tag="245" ind1="1" ind2="0">
    <subfield code="a">Intoxicated man /</subfield>
    <subfield code="c">Serge Gainsbourg.</subfield>
  </datafield>
  <datafield tag="264" ind1=" " ind2="1">
    <subfield code="a">[France] :</subfield>
    <subfield code="b">Le Chant du Monde,</subfield>
    <subfield code="c">[2018]</subfield>
  </datafield>
  <datafield tag="264" ind1=" " ind2="4">
    <subfield code="c">℗2018</subfield>
  </datafield>
  <datafield tag="300" ind1=" " ind2=" ">
    <subfield code="a">2 audio discs :</subfield>
    <subfield code="b">digital ;</subfield>
    <subfield code="c">4 3/4 in.</subfield>
  </datafield>
  <datafield tag="336" ind1=" " ind2=" ">
    <subfield code="a">performed music</subfield>
    <subfield code="b">prm</subfield>
    <subfield code="2">rdacontent</subfield>
  </datafield>
  <datafield tag="337" ind1=" " ind2=" ">
    <subfield code="a">audio</subfield>
    <subfield code="b">s</subfield>
    <subfield code="2">rdamedia</subfield>
  </datafield>
  <datafield tag="338" ind1=" " ind2=" ">
    <subfield code="a">audio disc</subfield>
    <subfield code="b">sd</subfield>
    <subfield code="2">rdacarrier</subfield>
  </datafield>
  <datafield tag="344" ind1=" " ind2=" ">
    <subfield code="a">digital</subfield>
    <subfield code="2">rdatr</subfield>
  </datafield>
  <datafield tag="344" ind1=" " ind2=" ">
    <subfield code="b">optical</subfield>
    <subfield code="2">rdarm</subfield>
  </datafield>
  <datafield tag="344" ind1=" " ind2=" ">
    <subfield code="g">stereo</subfield>
    <subfield code="g">mono</subfield>
    <subfield code="2">rdacpc</subfield>
  </datafield>
  <datafield tag="347" ind1=" " ind2=" ">
    <subfield code="a">audio file</subfield>
    <subfield code="2">rdaft</subfield>
  </datafield>
  <datafield tag="347" ind1=" " ind2=" ">
    <subfield code="b">CD audio</subfield>
  </datafield>
  <datafield tag="382" ind1="1" ind2="1">
    <subfield code="a">male voice</subfield>
    <subfield code="2">lcmpt</subfield>
  </datafield>
  <datafield tag="546" ind1=" " ind2=" ">
    <subfield code="a">Sung in French.</subfield>
  </datafield>
  <datafield tag="500" ind1=" " ind2=" ">
    <subfield code="a">Title from disc label.</subfield>
  </datafield>
  <datafield tag="511" ind1="0" ind2=" ">
    <subfield code="a">Serge Gainsbourg, vocals, piano; principally with Orchestre Alain Goraguer.</subfield>
  </datafield>
  <datafield tag="500" ind1=" " ind2=" ">
    <subfield code="a">Principally composed by Serge Gainsbourg with some contributions from Alain Goraguer and various lyricists.</subfield>
  </datafield>
  <datafield tag="518" ind1=" " ind2=" ">
    <subfield code="o">Recorded</subfield>
    <subfield code="d">1957-1962.</subfield>
  </datafield>
  <datafield tag="500" ind1=" " ind2=" ">
    <subfield code="a">Selections originally released by Philips.</subfield>
  </datafield>
  <datafield tag="500" ind1=" " ind2=" ">
    <subfield code="a">Program notes by Rémi Raemackers and discography in French with English translation (34 pages : illustrations (chiefly color)) inserted in container.</subfield>
  </datafield>
  <datafield tag="505" ind1="0" ind2="0">
    <subfield code="g">CD 1.</subfield>
    <subfield code="t">Le poinçonneur des lilas</subfield>
    <subfield code="g">(2:47) --</subfield>
    <subfield code="t">Douze belles dans la peau</subfield>
    <subfield code="g">(1:58) --</subfield>
    <subfield code="t">La femme des uns sous le corps des autres</subfield>
    <subfield code="g">(3:03) --</subfield>
    <subfield code="t">Du jazz dans le ravin</subfield>
    <subfield code="g">(2:14) --</subfield>
    <subfield code="t">Ce mortel ennui</subfield>
    <subfield code="g">(2:59) --</subfield>
    <subfield code="t">L&apos;alcool</subfield>
    <subfield code="g">(4:02) --</subfield>
    <subfield code="t">La recette de l&apos;amour fou</subfield>
    <subfield code="g">(2:00) --</subfield>
    <subfield code="t">Charleston des déménageurs de piano</subfield>
    <subfield code="g">(2:27) --</subfield>
    <subfield code="t">Ronsard 58</subfield>
    <subfield code="g">(1:57) --</subfield>
    <subfield code="t">La jambe de bois</subfield>
    <subfield code="g">(2:36) --</subfield>
    <subfield code="t">Le claqueur de doigts</subfield>
    <subfield code="g">(3:09) --</subfield>
    <subfield code="t">Indifférente</subfield>
    <subfield code="g">(2:19) --</subfield>
    <subfield code="t">Adieu créature!</subfield>
    <subfield code="g">(2:14) --</subfield>
    <subfield code="t">L&apos;amour à la papa</subfield>
    <subfield code="g">(2:52) --</subfield>
    <subfield code="t">Mambo miam miam</subfield>
    <subfield code="g">(2:37) --</subfield>
    <subfield code="t">L&apos;anthracite</subfield>
    <subfield code="g">(2:34) --</subfield>
    <subfield code="t">La nuit d&apos;octobre</subfield>
    <subfield code="g">(3:08) --</subfield>
    <subfield code="t">Jeunes femmes et vieux messieurs</subfield>
    <subfield code="g">(2:07) --</subfield>
    <subfield code="t">Cha-cha-cha du loup</subfield>
    <subfield code="g">(1:59) --</subfield>
    <subfield code="t">Sois belle et tais-toi</subfield>
    <subfield code="g">(2:03) --</subfield>
    <subfield code="t">Judith</subfield>
    <subfield code="g">(2:35) --</subfield>
    <subfield code="t">Laissez-moi tranquille</subfield>
    <subfield code="g">(1:59) --</subfield>
    <subfield code="t">Les loups dans la bergerie I</subfield>
    <subfield code="g">(1:29) --</subfield>
    <subfield code="t">Fugue</subfield>
    <subfield code="g">(1:08) --</subfield>
    <subfield code="t">Les loups dans la bergerie II</subfield>
    <subfield code="g">(2:50) --</subfield>
    <subfield code="t">Cha-cha-cha du loup</subfield>
    <subfield code="g">(1:36) --</subfield>
    <subfield code="t">Les loups dans la bergerie III</subfield>
    <subfield code="g">(3:28) --</subfield>
    <subfield code="t">Douze belles dans la peau</subfield>
    <subfield code="g">(1:45) --</subfield>
    <subfield code="t">La recette de l&apos;amour fou</subfield>
    <subfield code="g">(1:34) --</subfield>
    <subfield code="t">La femme des uns sous le corps des autres</subfield>
    <subfield code="g">(2:07) --</subfield>
    <subfield code="t">Le poinçonneur des lilas</subfield>
    <subfield code="g">(2:53) --</subfield>
  </datafield>
  <datafield tag="505" ind1="8" ind2="0">
    <subfield code="g">CD 2.</subfield>
    <subfield code="t">La chanson de Prévert</subfield>
    <subfield code="g">(3:02) --</subfield>
    <subfield code="t">En relisant ta lettre</subfield>
    <subfield code="g">(2:04) --</subfield>
    <subfield code="t">Le rock de Nerval</subfield>
    <subfield code="g">(1:55) --</subfield>
    <subfield code="t">Viva Villa</subfield>
    <subfield code="g">(3:25) --</subfield>
    <subfield code="t">Les oubliettes</subfield>
    <subfield code="g">(2:30) --</subfield>
    <subfield code="t">Les amours perdues</subfield>
    <subfield code="g">(3:00) --</subfield>
    <subfield code="t">Les femmes c&apos;est du chinois</subfield>
    <subfield code="g">(2:35) --</subfield>
    <subfield code="t">Personne</subfield>
    <subfield code="g">(2:47) --</subfield>
    <subfield code="t">Chanson de Maglia</subfield>
    <subfield code="g">(2:08) --</subfield>
    <subfield code="t">Le sonnet d&apos;Arvers</subfield>
    <subfield code="g">(1:56) --</subfield>
    <subfield code="t">Les goémons</subfield>
    <subfield code="g">(2:43) --</subfield>
    <subfield code="t">Black trombone</subfield>
    <subfield code="g">(2:41) --</subfield>
    <subfield code="t">Baudelaire</subfield>
    <subfield code="g">(2:30) --</subfield>
    <subfield code="t">Quand tu t&apos;y mets</subfield>
    <subfield code="g">(1:53) --</subfield>
    <subfield code="t">Intoxicated man</subfield>
    <subfield code="g">(2:41) --</subfield>
    <subfield code="t">Les cigarillos</subfield>
    <subfield code="g">(1:50) --</subfield>
    <subfield code="t">Requiem pour un twister</subfield>
    <subfield code="g">(2:42) --</subfield>
    <subfield code="t">Ce grand méchant vous</subfield>
    <subfield code="g">(2:24) --</subfield>
    <subfield code="t">L&apos;eau à la bouche</subfield>
    <subfield code="g">(2:36) --</subfield>
    <subfield code="t">Black March</subfield>
    <subfield code="g">(1:38) --</subfield>
    <subfield code="t">Angoisse</subfield>
    <subfield code="g">(2:37) --</subfield>
    <subfield code="t">Vilaine fille mauvais garçon</subfield>
    <subfield code="g">(1:57) --</subfield>
    <subfield code="t">L&apos;appareil à sous</subfield>
    <subfield code="g">(1:35) --</subfield>
    <subfield code="t">La Javanaise</subfield>
    <subfield code="g">(2:32) --</subfield>
    <subfield code="t">Un violon un jambon</subfield>
    <subfield code="g">(2:24) --</subfield>
    <subfield code="t">Une petite tasse d&apos;anxiété</subfield>
    <subfield code="g">(1:49) --</subfield>
    <subfield code="t">Mes petites odalisques</subfield>
    <subfield code="g">(1:46) --</subfield>
    <subfield code="t">J&apos;ai oublié d&apos;être bête</subfield>
    <subfield code="g">(3:02) --</subfield>
    <subfield code="t">La cigale et la fourmi</subfield>
    <subfield code="g">(1:20) --</subfield>
    <subfield code="t">Les mots inutiles</subfield>
    <subfield code="g">(2:10) --</subfield>
    <subfield code="t">Ballade d&apos;un fat majeur</subfield>
    <subfield code="g">(3:04) --</subfield>
    <subfield code="t">J&apos;ai mal à la tête</subfield>
    <subfield code="g">(1:53).</subfield>
  </datafield>
  <datafield tag="650" ind1=" " ind2="0">
    <subfield code="a">Popular music</subfield>
    <subfield code="z">France</subfield>
    <subfield code="y">1951-1960.</subfield>
  </datafield>
  <datafield tag="650" ind1=" " ind2="0">
    <subfield code="a">Popular music</subfield>
    <subfield code="z">France</subfield>
    <subfield code="y">1961-1970.</subfield>
  </datafield>
  <datafield tag="650" ind1=" " ind2="7">
    <subfield code="a">Popular music.</subfield>
    <subfield code="2">fast</subfield>
    <subfield code="0">(OCoLC)fst01071422</subfield>
  </datafield>
  <datafield tag="651" ind1=" " ind2="7">
    <subfield code="a">France.</subfield>
    <subfield code="2">fast</subfield>
    <subfield code="0">(OCoLC)fst01204289</subfield>
  </datafield>
  <datafield tag="648" ind1=" " ind2="7">
    <subfield code="a">1951-1970</subfield>
    <subfield code="2">fast</subfield>
  </datafield>
  <datafield tag="655" ind1=" " ind2="7">
    <subfield code="a">Songs.</subfield>
    <subfield code="2">fast</subfield>
    <subfield code="0">(OCoLC)fst01726744</subfield>
  </datafield>
  <datafield tag="655" ind1=" " ind2="7">
    <subfield code="a">Popular music.</subfield>
    <subfield code="2">fast</subfield>
    <subfield code="0">(OCoLC)fst01726706</subfield>
  </datafield>
  <datafield tag="655" ind1=" " ind2="7">
    <subfield code="a">Popular music.</subfield>
    <subfield code="2">lcgft</subfield>
  </datafield>
  <datafield tag="655" ind1=" " ind2="7">
    <subfield code="a">Songs.</subfield>
    <subfield code="2">lcgft</subfield>
  </datafield>
  <datafield tag="700" ind1="1" ind2=" ">
    <subfield code="a">Goraguer, Alain,</subfield>
    <subfield code="e">composer,</subfield>
    <subfield code="e">performer.</subfield>
  </datafield>
  <datafield tag="710" ind1="2" ind2=" ">
    <subfield code="a">Orchestre Alain Goraguer,</subfield>
    <subfield code="e">performer.</subfield>
  </datafield>
  <datafield tag="985" ind1=" " ind2=" ">
    <subfield code="a">BibframePilot2</subfield>
    <subfield code="e">20191227</subfield>
  </datafield>
</record>