
<record>
  <leader>02861cam a22004338i 4500</leader>
  <controlfield tag="001">21346739</controlfield>
  <controlfield tag="005">20200103082613.0</controlfield>
  <controlfield tag="008">191227s2020    nyu      b    001 0deng  </controlfield>
  <datafield tag="906" ind1=" " ind2=" ">
    <subfield code="a">7</subfield>
    <subfield code="b">cbc</subfield>
    <subfield code="c">orignew</subfield>
    <subfield code="d">1</subfield>
    <subfield code="e">ecip</subfield>
    <subfield code="f">20</subfield>
    <subfield code="g">y-gencatlg</subfield>
  </datafield>
  <datafield tag="925" ind1="0" ind2=" ">
    <subfield code="a">acquire</subfield>
    <subfield code="b">1 shelf copy</subfield>
    <subfield code="x">policy default</subfield>
  </datafield>
  <datafield tag="955" ind1=" " ind2=" ">
    <subfield code="b">2019-12-27</subfield>
    <subfield code="i">rf25 2019-12-27 to review</subfield>
    <subfield code="r">th70 2019-12-30 to shelflisting</subfield>
    <subfield code="e">rf07 2020-01-03 (telework) to Dewey</subfield>
    <subfield code="w">xm08 2020-01-03 (telework)</subfield>
  </datafield>
  <datafield tag="010" ind1=" " ind2=" ">
    <subfield code="a">  2019053840</subfield>
  </datafield>
  <datafield tag="020" ind1=" " ind2=" ">
    <subfield code="a">9781789206555</subfield>
    <subfield code="q">(hardback)</subfield>
  </datafield>
  <datafield tag="020" ind1=" " ind2=" ">
    <subfield code="z">9781789206562</subfield>
    <subfield code="q">(ebook)</subfield>
  </datafield>
  <datafield tag="040" ind1=" " ind2=" ">
    <subfield code="a">DLC</subfield>
    <subfield code="b">eng</subfield>
    <subfield code="e">rda</subfield>
    <subfield code="c">DLC</subfield>
  </datafield>
  <datafield tag="042" ind1=" " ind2=" ">
    <subfield code="a">pcc</subfield>
  </datafield>
  <datafield tag="043" ind1=" " ind2=" ">
    <subfield code="a">e-gx---</subfield>
    <subfield code="a">e-ge---</subfield>
  </datafield>
  <datafield tag="050" ind1="0" ind2="0">
    <subfield code="a">CT3430</subfield>
    <subfield code="b">.L43 2020</subfield>
  </datafield>
  <datafield tag="082" ind1="0" ind2="0">
    <subfield code="a">920.720943</subfield>
    <subfield code="2">23</subfield>
  </datafield>
  <datafield tag="100" ind1="1" ind2=" ">
    <subfield code="a">Leask, Phil,</subfield>
    <subfield code="d">1947-</subfield>
    <subfield code="e">author.</subfield>
  </datafield>
  <datafield tag="245" ind1="1" ind2="0">
    <subfield code="a">Friendship without borders :</subfield>
    <subfield code="b">women&apos;s stories of power, politics, and everyday life across East and West Germany /</subfield>
    <subfield code="c">Phil Leask.</subfield>
  </datafield>
  <datafield tag="246" ind1="3" ind2="0">
    <subfield code="a">Women&apos;s stories of power, politics, and everyday life across East and West Germany</subfield>
  </datafield>
  <datafield tag="263" ind1=" " ind2=" ">
    <subfield code="a">2003</subfield>
  </datafield>
  <datafield tag="264" ind1=" " ind2="1">
    <subfield code="a">New York :</subfield>
    <subfield code="b">Berghahn,</subfield>
    <subfield code="c">2020.</subfield>
  </datafield>
  <datafield tag="300" ind1=" " ind2=" ">
    <subfield code="a">pages cm</subfield>
  </datafield>
  <datafield tag="336" ind1=" " ind2=" ">
    <subfield code="a">text</subfield>
    <subfield code="b">txt</subfield>
    <subfield code="2">rdacontent</subfield>
  </datafield>
  <datafield tag="337" ind1=" " ind2=" ">
    <subfield code="a">unmediated</subfield>
    <subfield code="b">n</subfield>
    <subfield code="2">rdamedia</subfield>
  </datafield>
  <datafield tag="338" ind1=" " ind2=" ">
    <subfield code="a">volume</subfield>
    <subfield code="b">nc</subfield>
    <subfield code="2">rdacarrier</subfield>
  </datafield>
  <datafield tag="504" ind1=" " ind2=" ">
    <subfield code="a">Includes bibliographical references and index.</subfield>
  </datafield>
  <datafield tag="505" ind1="0" ind2=" ">
    <subfield code="a">From Schoolgirls to Young Women -- Grown-Up: The Long 1950s -- No Longer Young: The 1960s -- Turning Fifty: The 1970s -- Toward Retirement: The 1980s -- Reunited? The 1990s and Beyond -- The Schönebeck Women and Their Group.</subfield>
  </datafield>
  <datafield tag="520" ind1=" " ind2=" ">
    <subfield code="a">&quot;Across half a century, from the division of Germany through the end of the Cold War, a cohort of thirty women from the small German town of Schönebeck in what used to be the GDR circulated among themselves a remarkable collective archive of their lives: a Rundbrief, or bulletin, containing hundreds of letters and photographs. This book draws on that unprecedented resource, complemented by a set of interviews, to paint a rich portrait of &quot;ordinary&quot; life in postwar Germany. It shows how these women--whether reflecting on their experiences as Nazi-era schoolchildren or witnessing reunification--were united by their complex interactions with official power and their commitment to sustaining a shared German identity as they made the most of their everyday lives in both the GDR and the Federal Republic&quot;--</subfield>
    <subfield code="c">Provided by publisher.</subfield>
  </datafield>
  <datafield tag="650" ind1=" " ind2="0">
    <subfield code="a">Women</subfield>
    <subfield code="z">Germany</subfield>
    <subfield code="z">Schönebeck (Schönebeck)</subfield>
    <subfield code="v">Biography.</subfield>
  </datafield>
  <datafield tag="651" ind1=" " ind2="0">
    <subfield code="a">Schönebeck (Schönebeck, Germany)</subfield>
    <subfield code="v">Biography.</subfield>
  </datafield>
  <datafield tag="650" ind1=" " ind2="0">
    <subfield code="a">Female friendship</subfield>
    <subfield code="z">Germany</subfield>
    <subfield code="z">Schönebeck (Schönebeck)</subfield>
  </datafield>
  <datafield tag="650" ind1=" " ind2="0">
    <subfield code="a">Women</subfield>
    <subfield code="z">Germany (East)</subfield>
    <subfield code="x">Social conditions.</subfield>
  </datafield>
  <datafield tag="650" ind1=" " ind2="0">
    <subfield code="a">Women</subfield>
    <subfield code="z">Germany (East)</subfield>
    <subfield code="v">Biography.</subfield>
  </datafield>
  <datafield tag="651" ind1=" " ind2="0">
    <subfield code="a">Germany (East)</subfield>
    <subfield code="v">Biography.</subfield>
  </datafield>
  <datafield tag="650" ind1=" " ind2="0">
    <subfield code="a">National characteristics, German.</subfield>
  </datafield>
  <datafield tag="776" ind1="0" ind2="8">
    <subfield code="i">Online version:</subfield>
    <subfield code="a">Leask, Phil, 1947-</subfield>
    <subfield code="t">Friendship without borders</subfield>
    <subfield code="d">New York : Berghahn, 2020</subfield>
    <subfield code="z">9781789206562</subfield>
    <subfield code="w">(DLC) 2019053841</subfield>
  </datafield>
</record>