
<record>
  <leader>02935cam a22004218i 4500</leader>
  <controlfield tag="001">21346754</controlfield>
  <controlfield tag="005">20200103112227.0</controlfield>
  <controlfield tag="008">191227s2020    mau           101 0 eng  </controlfield>
  <datafield tag="906" ind1=" " ind2=" ">
    <subfield code="a">7</subfield>
    <subfield code="b">cbc</subfield>
    <subfield code="c">orignew</subfield>
    <subfield code="d">1</subfield>
    <subfield code="e">ecip</subfield>
    <subfield code="f">20</subfield>
    <subfield code="g">y-gencatlg</subfield>
  </datafield>
  <datafield tag="925" ind1="0" ind2=" ">
    <subfield code="a">acquire</subfield>
    <subfield code="b">1 shelf copy</subfield>
    <subfield code="x">policy default</subfield>
  </datafield>
  <datafield tag="955" ind1=" " ind2=" ">
    <subfield code="b">2019-12-27</subfield>
    <subfield code="i">rf25 2019-12-27 to review</subfield>
    <subfield code="r">th70 2019-12-30 to shelflisting</subfield>
    <subfield code="e">rf07 2020-01-03 (telework) to Dewey</subfield>
    <subfield code="w">xm08 2020-01-03 (telework)</subfield>
  </datafield>
  <datafield tag="010" ind1=" " ind2=" ">
    <subfield code="a">  2019051633</subfield>
  </datafield>
  <datafield tag="020" ind1=" " ind2=" ">
    <subfield code="a">9789004405035</subfield>
    <subfield code="q">(hardback)</subfield>
  </datafield>
  <datafield tag="020" ind1=" " ind2=" ">
    <subfield code="z">9789004412675</subfield>
    <subfield code="q">(ebook)</subfield>
  </datafield>
  <datafield tag="040" ind1=" " ind2=" ">
    <subfield code="a">DLC</subfield>
    <subfield code="b">eng</subfield>
    <subfield code="e">rda</subfield>
    <subfield code="c">DLC</subfield>
  </datafield>
  <datafield tag="042" ind1=" " ind2=" ">
    <subfield code="a">pcc</subfield>
  </datafield>
  <datafield tag="043" ind1=" " ind2=" ">
    <subfield code="a">e------</subfield>
  </datafield>
  <datafield tag="050" ind1="0" ind2="0">
    <subfield code="a">CB411</subfield>
    <subfield code="b">.A66 2020</subfield>
  </datafield>
  <datafield tag="082" ind1="0" ind2="0">
    <subfield code="a">940.2/53</subfield>
    <subfield code="2">23</subfield>
  </datafield>
  <datafield tag="245" ind1="0" ind2="0">
    <subfield code="a">Antiquity and Enlightenment culture :</subfield>
    <subfield code="b">new approaches and perspectives /</subfield>
    <subfield code="c">edited by Felicity Loughlin and Alexandre Johnston.</subfield>
  </datafield>
  <datafield tag="263" ind1=" " ind2=" ">
    <subfield code="a">2002</subfield>
  </datafield>
  <datafield tag="264" ind1=" " ind2="1">
    <subfield code="a">Leiden :</subfield>
    <subfield code="b">Brill,</subfield>
    <subfield code="c">[2020]</subfield>
  </datafield>
  <datafield tag="300" ind1=" " ind2=" ">
    <subfield code="a">pages cm.</subfield>
  </datafield>
  <datafield tag="336" ind1=" " ind2=" ">
    <subfield code="a">text</subfield>
    <subfield code="b">txt</subfield>
    <subfield code="2">rdacontent</subfield>
  </datafield>
  <datafield tag="337" ind1=" " ind2=" ">
    <subfield code="a">unmediated</subfield>
    <subfield code="b">n</subfield>
    <subfield code="2">rdamedia</subfield>
  </datafield>
  <datafield tag="338" ind1=" " ind2=" ">
    <subfield code="a">volume</subfield>
    <subfield code="b">nc</subfield>
    <subfield code="2">rdacarrier</subfield>
  </datafield>
  <datafield tag="490" ind1="0" ind2=" ">
    <subfield code="a">Metaforms: studies in the reception of classical antiquity,</subfield>
    <subfield code="x">2212-9405 ;</subfield>
    <subfield code="v">volume 17</subfield>
  </datafield>
  <datafield tag="500" ind1=" " ind2=" ">
    <subfield code="a">Includes index.</subfield>
  </datafield>
  <datafield tag="500" ind1=" " ind2=" ">
    <subfield code="a">&quot;This volume proceeds from an international conference held at the University of Edinburgh on 2 April 2016 entitled &quot;Antiquity and the History of Ideas in Eighteenth-Century Europe.&quot;--Acknowledgments.</subfield>
  </datafield>
  <datafield tag="520" ind1=" " ind2=" ">
    <subfield code="a">&quot;This volume represents the first move towards a comprehensive overview of the place of antiquity in Enlightenment Europe. Eschewing a narrow focus on any one theme, it seeks to understand eighteenth-century engagements with antiquity on their own terms, focusing on the contexts, questions, and agendas that led people to turn to the ancient past. The contributors show that a profound interest in antiquity permeated all spheres of intellectual and creative endeavour, from antiquarianism to political discourse, travel writing to portraiture, theology to education. They offer new perspectives on familiar figures, such as Rousseau and Hume, as well as insights into hitherto obscure antiquarians and scholars. What emerges is a richer, more textured understanding of the substantial eighteenth-century engagement with antiquity. Contributors are: Anthony Ossa-Richardson, Maria Giulia Franzoni, Thomas Hopkinson, Maeve O&apos;Dwyer, Miriam Al Jamil, Kelsey Jackson Williams, Alan Montgomery, Marta Dieli, Tim Stuart-Buttle, Flora Champy&quot;--</subfield>
    <subfield code="c">Provided by publisher.</subfield>
  </datafield>
  <datafield tag="651" ind1=" " ind2="0">
    <subfield code="a">Europe</subfield>
    <subfield code="x">Civilization</subfield>
    <subfield code="y">18th century</subfield>
    <subfield code="v">Congresses.</subfield>
  </datafield>
  <datafield tag="651" ind1=" " ind2="0">
    <subfield code="a">Europe</subfield>
    <subfield code="x">Civilization</subfield>
    <subfield code="x">Classical influences</subfield>
    <subfield code="v">Congresses.</subfield>
  </datafield>
  <datafield tag="651" ind1=" " ind2="0">
    <subfield code="a">Europe</subfield>
    <subfield code="x">Antiquities</subfield>
    <subfield code="v">Congresses.</subfield>
  </datafield>
  <datafield tag="650" ind1=" " ind2="0">
    <subfield code="a">Civilization, Classical</subfield>
    <subfield code="x">Influence</subfield>
    <subfield code="v">Congresses.</subfield>
  </datafield>
  <datafield tag="650" ind1=" " ind2="0">
    <subfield code="a">Enlightenment</subfield>
    <subfield code="z">Europe</subfield>
    <subfield code="v">Congresses.</subfield>
  </datafield>
  <datafield tag="700" ind1="1" ind2=" ">
    <subfield code="a">Loughlin, Felicity,</subfield>
    <subfield code="e">editor.</subfield>
  </datafield>
  <datafield tag="700" ind1="1" ind2=" ">
    <subfield code="a">Johnston, Alexandre,</subfield>
    <subfield code="e">editor.</subfield>
  </datafield>
  <datafield tag="776" ind1="0" ind2="8">
    <subfield code="i">Online version:</subfield>
    <subfield code="t">Antiquity and enlightenment culture</subfield>
    <subfield code="d">Leiden : Brill, [2020]</subfield>
    <subfield code="z">9789004412675</subfield>
    <subfield code="w">(DLC) 2019051634</subfield>
  </datafield>
</record>