
<record>
  <leader>02726cam a22003618i 4500</leader>
  <controlfield tag="001">21346853</controlfield>
  <controlfield tag="005">20200103101829.0</controlfield>
  <controlfield tag="008">191221s2020    nyu      b    001 0 eng  </controlfield>
  <datafield tag="906" ind1=" " ind2=" ">
    <subfield code="a">7</subfield>
    <subfield code="b">cbc</subfield>
    <subfield code="c">orignew</subfield>
    <subfield code="d">1</subfield>
    <subfield code="e">ecip</subfield>
    <subfield code="f">20</subfield>
    <subfield code="g">y-gencatlg</subfield>
  </datafield>
  <datafield tag="925" ind1="0" ind2=" ">
    <subfield code="a">acquire</subfield>
    <subfield code="b">1 shelf copy</subfield>
    <subfield code="x">policy default</subfield>
  </datafield>
  <datafield tag="955" ind1=" " ind2=" ">
    <subfield code="b">LBSOR 2019-12-21</subfield>
    <subfield code="e">rl46 2019-12-31 to Dewey</subfield>
    <subfield code="w">xm08 2020-01-03 (telework)</subfield>
  </datafield>
  <datafield tag="010" ind1=" " ind2=" ">
    <subfield code="a">  2019044166</subfield>
  </datafield>
  <datafield tag="020" ind1=" " ind2=" ">
    <subfield code="a">9781682683682</subfield>
    <subfield code="q">(cloth)</subfield>
  </datafield>
  <datafield tag="020" ind1=" " ind2=" ">
    <subfield code="z">9781682683699</subfield>
    <subfield code="q">(epub)</subfield>
  </datafield>
  <datafield tag="040" ind1=" " ind2=" ">
    <subfield code="a">LBSOR/DLC</subfield>
    <subfield code="b">eng</subfield>
    <subfield code="e">rda</subfield>
    <subfield code="c">DLC</subfield>
  </datafield>
  <datafield tag="042" ind1=" " ind2=" ">
    <subfield code="a">pcc</subfield>
  </datafield>
  <datafield tag="050" ind1="0" ind2="0">
    <subfield code="a">RC819.D5</subfield>
    <subfield code="b">G43 2020</subfield>
  </datafield>
  <datafield tag="082" ind1="0" ind2="0">
    <subfield code="a">641.5/638</subfield>
    <subfield code="2">23</subfield>
  </datafield>
  <datafield tag="100" ind1="1" ind2=" ">
    <subfield code="a">Ghannoum, Mahmoud A.</subfield>
    <subfield code="q">(Mahmoud Afif),</subfield>
    <subfield code="e">author.</subfield>
  </datafield>
  <datafield tag="245" ind1="1" ind2="0">
    <subfield code="a">Total gut balance :</subfield>
    <subfield code="b">fix your mycobiome fast for complete digestive wellness with 50 recipes to lose weight and feel great /</subfield>
    <subfield code="c">Mahmoud Ghannoum with Eve Adamson.</subfield>
  </datafield>
  <datafield tag="263" ind1=" " ind2=" ">
    <subfield code="a">1912</subfield>
  </datafield>
  <datafield tag="264" ind1=" " ind2="1">
    <subfield code="a">New York, NY :</subfield>
    <subfield code="b">The Countryman Press, a division of W.W. Norton &amp; Company,</subfield>
    <subfield code="c">[2020]</subfield>
  </datafield>
  <datafield tag="300" ind1=" " ind2=" ">
    <subfield code="a">pages cm</subfield>
  </datafield>
  <datafield tag="336" ind1=" " ind2=" ">
    <subfield code="a">text</subfield>
    <subfield code="b">txt</subfield>
    <subfield code="2">rdacontent</subfield>
  </datafield>
  <datafield tag="337" ind1=" " ind2=" ">
    <subfield code="a">unmediated</subfield>
    <subfield code="b">n</subfield>
    <subfield code="2">rdamedia</subfield>
  </datafield>
  <datafield tag="338" ind1=" " ind2=" ">
    <subfield code="a">volume</subfield>
    <subfield code="b">nc</subfield>
    <subfield code="2">rdacarrier</subfield>
  </datafield>
  <datafield tag="504" ind1=" " ind2=" ">
    <subfield code="a">Includes bibliographical references and index.</subfield>
  </datafield>
  <datafield tag="505" ind1="0" ind2=" ">
    <subfield code="a">The mycobiome in your microbiome -- Prognosis : dysbiosis -- Candida unmasked -- Partners in crime : when fungi and bacteria conspire against you -- Scientific answers to finagling your fungi -- The mycobiome diet plan -- Living a fungi-friendly lifestyle -- Mycobiome profiles -- The mycobiome diet recipes -- Final thoughts.</subfield>
  </datafield>
  <datafield tag="520" ind1=" " ind2=" ">
    <subfield code="a">&quot;A groundbreaking guide to your gut Most people understand the importance of a healthy gut microbiome for digestive health and overall wellbeing. But what about the mycobiome-the fungi that live inside our bodies? Here, Dr. Mahmoud Ghannoum introduces this important component of the microbiome and explains how diet affects this population and how its balance or imbalance can cause you to feel-a poor balance of fungi can lead to weight gain, pain and bloating, and low energy, and can worsen symptoms for those with IBS or Crohn&apos;s. Good news: Gut fungi respond quickly and dramatically to dietary and lifestyle changes. Within 24 hours, you can remake your mycobiome, supporting a path to weight loss, better digestion, and more energy. Alongside this accessible gut science, Ghannoum outlines fast changes for fostering healthy fungi as well as 7- and 20-day diet plans, with more than 50 dietician-tested recipes, to cultivate a thriving mycobiome and methods for tweaking your lifestyle for long-term gut health&quot;--</subfield>
    <subfield code="c">Provided by publisher.</subfield>
  </datafield>
  <datafield tag="650" ind1=" " ind2="0">
    <subfield code="a">Gastrointestinal system</subfield>
    <subfield code="x">Diseases</subfield>
    <subfield code="x">Diet therapy</subfield>
    <subfield code="v">Recipes.</subfield>
  </datafield>
  <datafield tag="650" ind1=" " ind2="0">
    <subfield code="a">Mycoses</subfield>
    <subfield code="x">Diet therapy</subfield>
    <subfield code="v">Recipes.</subfield>
  </datafield>
  <datafield tag="700" ind1="1" ind2=" ">
    <subfield code="a">Adamson, Eve,</subfield>
    <subfield code="e">author.</subfield>
  </datafield>
  <datafield tag="985" ind1=" " ind2=" ">
    <subfield code="a">LBSORCIP</subfield>
    <subfield code="d">2019-12-21</subfield>
  </datafield>
</record>