
<record>
  <leader>04153cam a22005297i 4500</leader>
  <controlfield tag="001">21347169</controlfield>
  <controlfield tag="005">20200103174211.0</controlfield>
  <controlfield tag="008">191230t20182018ne ab    b    001 0 eng d</controlfield>
  <datafield tag="906" ind1=" " ind2=" ">
    <subfield code="a">7</subfield>
    <subfield code="b">cbc</subfield>
    <subfield code="c">copycat</subfield>
    <subfield code="d">2</subfield>
    <subfield code="e">ncip</subfield>
    <subfield code="f">20</subfield>
    <subfield code="g">y-gencatlg</subfield>
  </datafield>
  <datafield tag="925" ind1="0" ind2=" ">
    <subfield code="a">acquire</subfield>
    <subfield code="b">1 shelf copies</subfield>
    <subfield code="x">policy default</subfield>
  </datafield>
  <datafield tag="955" ind1=" " ind2=" ">
    <subfield code="b">rk07 2019-12-30 z-processor</subfield>
    <subfield code="i">rk07 2020-01-03 to BCCD</subfield>
  </datafield>
  <datafield tag="010" ind1=" " ind2=" ">
    <subfield code="a">  2019304450</subfield>
  </datafield>
  <datafield tag="015" ind1=" " ind2=" ">
    <subfield code="a">GBB883812</subfield>
    <subfield code="2">bnb</subfield>
  </datafield>
  <datafield tag="016" ind1="7" ind2=" ">
    <subfield code="a">018861309</subfield>
    <subfield code="2">Uk</subfield>
  </datafield>
  <datafield tag="020" ind1=" " ind2=" ">
    <subfield code="a">9780128154519</subfield>
    <subfield code="q">paperback</subfield>
  </datafield>
  <datafield tag="020" ind1=" " ind2=" ">
    <subfield code="a">0128154519</subfield>
    <subfield code="q">paperback</subfield>
  </datafield>
  <datafield tag="020" ind1=" " ind2=" ">
    <subfield code="z">9780128165102</subfield>
    <subfield code="q">ePub ebook</subfield>
  </datafield>
  <datafield tag="035" ind1=" " ind2=" ">
    <subfield code="a">(OCoLC)on1030914039</subfield>
  </datafield>
  <datafield tag="040" ind1=" " ind2=" ">
    <subfield code="a">YDX</subfield>
    <subfield code="b">eng</subfield>
    <subfield code="c">YDX</subfield>
    <subfield code="e">rda</subfield>
    <subfield code="d">IUA</subfield>
    <subfield code="d">ZLM</subfield>
    <subfield code="d">OCLCF</subfield>
    <subfield code="d">STF</subfield>
    <subfield code="d">WAU</subfield>
    <subfield code="d">OHX</subfield>
    <subfield code="d">IBI</subfield>
    <subfield code="d">UKMGB</subfield>
    <subfield code="d">TOH</subfield>
    <subfield code="d">SINLB</subfield>
    <subfield code="d">OCLCA</subfield>
    <subfield code="d">BDP</subfield>
    <subfield code="d">OCL</subfield>
    <subfield code="d">CDN</subfield>
    <subfield code="d">DLC</subfield>
  </datafield>
  <datafield tag="042" ind1=" " ind2=" ">
    <subfield code="a">lccopycat</subfield>
  </datafield>
  <datafield tag="082" ind1="0" ind2="4">
    <subfield code="a">629.2/04</subfield>
    <subfield code="2">23</subfield>
  </datafield>
  <datafield tag="050" ind1="0" ind2="0">
    <subfield code="a">TL152.8</subfield>
    <subfield code="b">.G78 2018</subfield>
  </datafield>
  <datafield tag="100" ind1="1" ind2=" ">
    <subfield code="a">Grush, Bern,</subfield>
    <subfield code="e">author.</subfield>
  </datafield>
  <datafield tag="245" ind1="1" ind2="4">
    <subfield code="a">The end of driving :</subfield>
    <subfield code="b">transportation systems and public policy planning for autonomous vehicles /</subfield>
    <subfield code="c">Bern Grush, John Niles.</subfield>
  </datafield>
  <datafield tag="264" ind1=" " ind2="1">
    <subfield code="a">Amsterdam, Netherlands ;</subfield>
    <subfield code="a">Cambridge, Massachusetts :</subfield>
    <subfield code="b">Elsevier,</subfield>
    <subfield code="c">[2018]</subfield>
  </datafield>
  <datafield tag="264" ind1=" " ind2="4">
    <subfield code="c">©2018</subfield>
  </datafield>
  <datafield tag="300" ind1=" " ind2=" ">
    <subfield code="a">xxix, 302 pages :</subfield>
    <subfield code="b">illustrations, maps ;</subfield>
    <subfield code="c">23 cm</subfield>
  </datafield>
  <datafield tag="336" ind1=" " ind2=" ">
    <subfield code="a">text</subfield>
    <subfield code="b">txt</subfield>
    <subfield code="2">rdacontent</subfield>
  </datafield>
  <datafield tag="336" ind1=" " ind2=" ">
    <subfield code="a">still image</subfield>
    <subfield code="b">sti</subfield>
    <subfield code="2">rdacontent</subfield>
  </datafield>
  <datafield tag="336" ind1=" " ind2=" ">
    <subfield code="a">cartographic image</subfield>
    <subfield code="b">crt</subfield>
    <subfield code="2">rdacontent</subfield>
  </datafield>
  <datafield tag="337" ind1=" " ind2=" ">
    <subfield code="a">unmediated</subfield>
    <subfield code="b">n</subfield>
    <subfield code="2">rdamedia</subfield>
  </datafield>
  <datafield tag="338" ind1=" " ind2=" ">
    <subfield code="a">volume</subfield>
    <subfield code="b">nc</subfield>
    <subfield code="2">rdacarrier</subfield>
  </datafield>
  <datafield tag="504" ind1=" " ind2=" ">
    <subfield code="a">Includes bibliographical references (pages 281-290) and index.</subfield>
  </datafield>
  <datafield tag="505" ind1="0" ind2=" ">
    <subfield code="a">1. Critical terminology and system views -- 2. Three planning contexts : hype, diffusion, and governance -- 3. A broad context : the contention of change -- 4. Conflicting narratives : shared understanding will be difficult to achieve -- 5. A challenging transition : two competing markets -- 6. Transitioning through multiple automated forms -- 7. How privately owned vehicles could dominate the next 30 years -- 8. A note about congestion -- 9. Barriers to shared use of vehicles -- 10. Transit leap in theory -- 11. Transit leap in practice : City of SeaTac -- 12. Governing fleets of automated vehicles -- 13. Harmonizing competitive fleets of automated common carriers -- 14. The end of driving and transit-oriented development -- 15. How behavioral economics can help -- Conclusion and recommendations -- Glossary.</subfield>
  </datafield>
  <datafield tag="520" ind1=" " ind2=" ">
    <subfield code="a">&quot;While many transportation and city planners, researchers, students, practitioners, and political leaders are familiar with the technical nature and promise of vehicle automation, consensus is not yet often seen on the impact that will result, or the policies and actions that those responsible for transportation systems should take. The End of Driving: Transportation Systems and Public Policy Planning for Autonomous Vehicles explores both the potential of vehicle automation technology and the barriers it faces when considering coherent urban deployment. The book evaluates the case for deliberate development of automated public transportation and mobility-as-a-service as paths towards sustainable mobility, describing critical approaches to the planning and management of vehicle automation technology. It serves as a reference for understanding the full life cycle of the multi-year transportation systems planning processes, including novel regulation, planning, and acquisition tools for regional transportation. Application-oriented, research-based, and solution-oriented rather than predict-and-warn, The End of Driving concludes with a detailed discussion of the systems design needed for accomplishing this shift&quot;--Publisher&apos;s description.</subfield>
  </datafield>
  <datafield tag="650" ind1=" " ind2="0">
    <subfield code="a">Automated vehicles.</subfield>
  </datafield>
  <datafield tag="650" ind1=" " ind2="0">
    <subfield code="a">Motor vehicles</subfield>
    <subfield code="x">Automatic control.</subfield>
  </datafield>
  <datafield tag="650" ind1=" " ind2="0">
    <subfield code="a">Transportation</subfield>
    <subfield code="x">Planning.</subfield>
  </datafield>
  <datafield tag="650" ind1=" " ind2="0">
    <subfield code="a">Transit-oriented development.</subfield>
  </datafield>
  <datafield tag="650" ind1=" " ind2="7">
    <subfield code="a">TRANSPORTATION / General.</subfield>
    <subfield code="2">bisacsh</subfield>
  </datafield>
  <datafield tag="650" ind1=" " ind2="7">
    <subfield code="a">TRANSPORTATION.</subfield>
    <subfield code="2">bisacsh</subfield>
  </datafield>
  <datafield tag="650" ind1=" " ind2="7">
    <subfield code="a">Automated vehicles.</subfield>
    <subfield code="2">fast</subfield>
    <subfield code="0">(OCoLC)fst01909261</subfield>
  </datafield>
  <datafield tag="650" ind1=" " ind2="7">
    <subfield code="a">Motor vehicles</subfield>
    <subfield code="x">Automatic control.</subfield>
    <subfield code="2">fast</subfield>
    <subfield code="0">(OCoLC)fst01027725</subfield>
  </datafield>
  <datafield tag="650" ind1=" " ind2="7">
    <subfield code="a">Transit-oriented development.</subfield>
    <subfield code="2">fast</subfield>
    <subfield code="0">(OCoLC)fst01201186</subfield>
  </datafield>
  <datafield tag="650" ind1=" " ind2="7">
    <subfield code="a">Transportation</subfield>
    <subfield code="x">Planning.</subfield>
    <subfield code="2">fast</subfield>
    <subfield code="0">(OCoLC)fst01155146</subfield>
  </datafield>
  <datafield tag="700" ind1="1" ind2=" ">
    <subfield code="a">Niles, John S.,</subfield>
    <subfield code="e">author.</subfield>
  </datafield>
  <datafield tag="776" ind1="0" ind2="8">
    <subfield code="i">ebook version :</subfield>
    <subfield code="z">9780128165102</subfield>
  </datafield>
</record>