
<record>
  <leader>03513cam a22004215a 4500</leader>
  <controlfield tag="001">21348104</controlfield>
  <controlfield tag="005">20200103095837.0</controlfield>
  <controlfield tag="008">191231s2019    mr       bw   000 0 ara d</controlfield>
  <datafield tag="906" ind1=" " ind2=" ">
    <subfield code="a">0</subfield>
    <subfield code="b">ibc</subfield>
    <subfield code="c">copycat</subfield>
    <subfield code="d">3</subfield>
    <subfield code="e">ncip</subfield>
    <subfield code="f">20</subfield>
    <subfield code="g">y-nonroman</subfield>
  </datafield>
  <datafield tag="925" ind1="0" ind2=" ">
    <subfield code="a">acquire</subfield>
    <subfield code="b">1 shelf copy</subfield>
    <subfield code="x">policy default</subfield>
  </datafield>
  <datafield tag="955" ind1=" " ind2=" ">
    <subfield code="b">we52 2020-01-03 z-processor</subfield>
  </datafield>
  <datafield tag="010" ind1=" " ind2=" ">
    <subfield code="a">  2019444801</subfield>
  </datafield>
  <datafield tag="020" ind1=" " ind2=" ">
    <subfield code="a">9789920993500 (volume 1)</subfield>
  </datafield>
  <datafield tag="020" ind1=" " ind2=" ">
    <subfield code="a">9789920993517 (volume 2)</subfield>
  </datafield>
  <datafield tag="035" ind1=" " ind2=" ">
    <subfield code="a">(OCoLC)on1109846028</subfield>
  </datafield>
  <datafield tag="037" ind1=" " ind2=" ">
    <subfield code="c">250.00 MAD</subfield>
  </datafield>
  <datafield tag="040" ind1=" " ind2=" ">
    <subfield code="a">HVL</subfield>
    <subfield code="b">eng</subfield>
    <subfield code="e">rda</subfield>
    <subfield code="c">HVL</subfield>
    <subfield code="d">HVL</subfield>
    <subfield code="d">OCLCF</subfield>
    <subfield code="d">DLC</subfield>
  </datafield>
  <datafield tag="042" ind1=" " ind2=" ">
    <subfield code="a">lccopycat</subfield>
  </datafield>
  <datafield tag="043" ind1=" " ind2=" ">
    <subfield code="a">f-mr---</subfield>
  </datafield>
  <datafield tag="066" ind1=" " ind2=" ">
    <subfield code="c">(3</subfield>
  </datafield>
  <datafield tag="097" ind1="1" ind2="4">
    <subfield code="a">KSW18</subfield>
    <subfield code="b">.A4 2019</subfield>
  </datafield>
  <datafield tag="100" ind1="1" ind2=" ">
    <subfield code="6">880-01</subfield>
    <subfield code="a">Bin Limuqaddam, al-Ṭayyib,</subfield>
    <subfield code="e">author,</subfield>
  </datafield>
  <datafield tag="880" ind1="1" ind2=" ">
    <subfield code="6">100-01/(3/r‏</subfield>
    <subfield code="a">‏بن لمقدم، الطيب.</subfield>
  </datafield>
  <datafield tag="245" ind1="1" ind2="3">
    <subfield code="6">880-02</subfield>
    <subfield code="a">al-Qarārāt al-qaḍāʼīyah al-mutanāqiḍah li-Maḥkamat al-Naqḍ :</subfield>
    <subfield code="b">dirāsah wa-taʻlīq lil-qarārāt al-mutaʻāriḍah fī mayādīn al-qawānīn al-Maghribīyah al-mukhtalifah /</subfield>
    <subfield code="c">al-Ṭayyib bin Limuqaddam.</subfield>
  </datafield>
  <datafield tag="880" ind1="1" ind2="2">
    <subfield code="6">245-02/(3/r‏</subfield>
    <subfield code="a">‏القرارات القضائية المتناقضة لمحكمة النقض :‏</subfield>
    <subfield code="b">‏دراسة وتعليق للقرارات المتعارضة في ميادين القوانين المغربية المختلفة /‏</subfield>
    <subfield code="c">‏الطيب بن لمقدم.</subfield>
  </datafield>
  <datafield tag="250" ind1=" " ind2=" ">
    <subfield code="6">880-03</subfield>
    <subfield code="a">al-Ṭabʻah al-ūlá.</subfield>
  </datafield>
  <datafield tag="880" ind1=" " ind2=" ">
    <subfield code="6">250-03/(3/r‏</subfield>
    <subfield code="a">‏الطبعة الأولى.</subfield>
  </datafield>
  <datafield tag="264" ind1=" " ind2="1">
    <subfield code="6">880-04</subfield>
    <subfield code="a">al-Rabāṭ :</subfield>
    <subfield code="b">Maṭbaʻat al-Amnīyah,</subfield>
    <subfield code="c">2019.</subfield>
  </datafield>
  <datafield tag="880" ind1=" " ind2="1">
    <subfield code="6">264-04/(3/r‏</subfield>
    <subfield code="a">‏الرباط :‏</subfield>
    <subfield code="b">‏مطبعة الأمنية،‏</subfield>
    <subfield code="c">‏2019.</subfield>
  </datafield>
  <datafield tag="300" ind1=" " ind2=" ">
    <subfield code="a">2 volumes ;</subfield>
    <subfield code="c">24 cm</subfield>
  </datafield>
  <datafield tag="336" ind1=" " ind2=" ">
    <subfield code="a">text</subfield>
    <subfield code="b">txt</subfield>
    <subfield code="2">rdacontent</subfield>
  </datafield>
  <datafield tag="337" ind1=" " ind2=" ">
    <subfield code="a">unmediated</subfield>
    <subfield code="b">n</subfield>
    <subfield code="2">rdamedia</subfield>
  </datafield>
  <datafield tag="338" ind1=" " ind2=" ">
    <subfield code="a">volume</subfield>
    <subfield code="b">nc</subfield>
    <subfield code="2">rdacarrier</subfield>
  </datafield>
  <datafield tag="504" ind1=" " ind2=" ">
    <subfield code="a">Includes bibliographical references (volume 2, pages 241-246).</subfield>
  </datafield>
  <datafield tag="505" ind1="0" ind2="0">
    <subfield code="6">880-05</subfield>
    <subfield code="g">al-Kitāb al-awwal.</subfield>
    <subfield code="t">Qarārāt mutanāqiḍah fī qānūn al-iltizāmāt wa-al-ʻuqūd, qarārāt mutanāqiḍah fī qānūn al-masṭarat al-madanīyah, qarārāt mutanāqiḍah fī al-tashrīʻ al-ʻaqārī --</subfield>
    <subfield code="g">al-kitāb al-thānī.</subfield>
    <subfield code="t">Qarārāt mutanāqiḍah fī qānūn al-masṭarat al-jināʼīyah wa-qānūn al-siyar, qarārāt mutanāqiḍah fī mudawwanat al-usrah wa-mudawwanat al-shughl, qarārāt mutanāqiḍah fī al-qānūn al-dawlī al-khāṣṣ, qarārāt mutanāqiḍah fī al-qānūn al-tijārī, qarārāt mutanāqiḍah fī al-qānūn al-baḥrī, qarārāt mutanāqiḍah fī qānūn al-muḥāmāh, qarārāt mutanāqiḍah fī al-qānūn al-idārī.</subfield>
  </datafield>
  <datafield tag="880" ind1="0" ind2="0">
    <subfield code="6">505-05/(3/r‏</subfield>
    <subfield code="g">‏الكتاب الأول.‏</subfield>
    <subfield code="t">‏قرارات متناقضة في قانون الإلتزامات والعقود، قرارات متناقضة في قانون المسطرة المدنية، قرارات متناقضة في التشريع العقاري --‏</subfield>
    <subfield code="g">‏الكتاب الثاني.‏</subfield>
    <subfield code="t">‏قرارات متناقضة في قانون المسطرة الجنائية وقانون السير، قرارات متناقضة في مدونة الأسرة ومدونة الشغل، قرارات متناقضة في القانون الدولي الخاص، قرارات متناقضة في القانون التجاري، قرارات متناقضة في القانون البحري، قرارات متناقضة في قانون المحاماه، قرارات متناقضة في القانون الإداري.</subfield>
  </datafield>
  <datafield tag="610" ind1="1" ind2="0">
    <subfield code="a">Morocco.</subfield>
    <subfield code="b">Maḥkamat al-Naqḍ</subfield>
    <subfield code="v">Cases.</subfield>
  </datafield>
  <datafield tag="650" ind1=" " ind2="0">
    <subfield code="a">Law</subfield>
    <subfield code="z">Morocco</subfield>
    <subfield code="v">Cases.</subfield>
  </datafield>
</record>