
<record>
  <leader>02448cam a22003618i 4500</leader>
  <controlfield tag="001">21348381</controlfield>
  <controlfield tag="005">20200103102340.0</controlfield>
  <controlfield tag="008">191231s2020    nyu           001 0 eng  </controlfield>
  <datafield tag="906" ind1=" " ind2=" ">
    <subfield code="a">7</subfield>
    <subfield code="b">cbc</subfield>
    <subfield code="c">orignew</subfield>
    <subfield code="d">1</subfield>
    <subfield code="e">ecip</subfield>
    <subfield code="f">20</subfield>
    <subfield code="g">y-gencatlg</subfield>
  </datafield>
  <datafield tag="925" ind1="0" ind2=" ">
    <subfield code="a">acquire</subfield>
    <subfield code="b">1 shelf copy</subfield>
    <subfield code="x">policy default</subfield>
  </datafield>
  <datafield tag="955" ind1=" " ind2=" ">
    <subfield code="b">cm07 2019-12-31 telework</subfield>
    <subfield code="i">cm07 2019-12-31 telework to Dewey</subfield>
    <subfield code="w">xm08  2020-01-03 (telework)</subfield>
  </datafield>
  <datafield tag="010" ind1=" " ind2=" ">
    <subfield code="a">  2019056088</subfield>
  </datafield>
  <datafield tag="020" ind1=" " ind2=" ">
    <subfield code="a">9781454940210</subfield>
    <subfield code="q">(trade paperback)</subfield>
  </datafield>
  <datafield tag="020" ind1=" " ind2=" ">
    <subfield code="z">9781454940227</subfield>
    <subfield code="q">(epub)</subfield>
  </datafield>
  <datafield tag="040" ind1=" " ind2=" ">
    <subfield code="a">DLC</subfield>
    <subfield code="b">eng</subfield>
    <subfield code="e">rda</subfield>
    <subfield code="c">DLC</subfield>
  </datafield>
  <datafield tag="042" ind1=" " ind2=" ">
    <subfield code="a">pcc</subfield>
  </datafield>
  <datafield tag="050" ind1="0" ind2="0">
    <subfield code="a">RC374.K46</subfield>
    <subfield code="b">P43 2020</subfield>
  </datafield>
  <datafield tag="082" ind1="0" ind2="0">
    <subfield code="a">641.5/6383</subfield>
    <subfield code="2">23</subfield>
  </datafield>
  <datafield tag="100" ind1="1" ind2=" ">
    <subfield code="a">Pedersen, Stephanie,</subfield>
    <subfield code="e">author.</subfield>
  </datafield>
  <datafield tag="245" ind1="1" ind2="4">
    <subfield code="a">The 5-ingredient keto cookbook :</subfield>
    <subfield code="b">100 easy ketogenic recipes /</subfield>
    <subfield code="c">Stephanie Pedersen, author of Keto Lunches and The Keto Kit.</subfield>
  </datafield>
  <datafield tag="263" ind1=" " ind2=" ">
    <subfield code="a">2005</subfield>
  </datafield>
  <datafield tag="264" ind1=" " ind2="1">
    <subfield code="a">New York :</subfield>
    <subfield code="b">Sterling Epicure,</subfield>
    <subfield code="c">2020.</subfield>
  </datafield>
  <datafield tag="300" ind1=" " ind2=" ">
    <subfield code="a">pages cm</subfield>
  </datafield>
  <datafield tag="336" ind1=" " ind2=" ">
    <subfield code="a">text</subfield>
    <subfield code="b">txt</subfield>
    <subfield code="2">rdacontent</subfield>
  </datafield>
  <datafield tag="337" ind1=" " ind2=" ">
    <subfield code="a">unmediated</subfield>
    <subfield code="b">n</subfield>
    <subfield code="2">rdamedia</subfield>
  </datafield>
  <datafield tag="338" ind1=" " ind2=" ">
    <subfield code="a">volume</subfield>
    <subfield code="b">nc</subfield>
    <subfield code="2">rdacarrier</subfield>
  </datafield>
  <datafield tag="500" ind1=" " ind2=" ">
    <subfield code="a">Includes index.</subfield>
  </datafield>
  <datafield tag="505" ind1="0" ind2=" ">
    <subfield code="a">Keto eating and how to use this cookbook -- Setting up your pantry -- Staples, building blocks, and big-batch recipes -- Early-day keto meals -- Keto sips and slurps -- Small plates and quick bites: lunches and other small meals -- Fat bombs and fatty snacks -- Dinner and other large meals.</subfield>
  </datafield>
  <datafield tag="520" ind1=" " ind2=" ">
    <subfield code="a">&quot;Keto made simple for beginners! With just five ingredients each, these recipes are easy to prepare . . . and delicious, too. Keto eating is a great way to lose weight, lessen bloat, boost energy and mental acuity, and improve your sleep and mood. However, the diet can be complicated, with many details to keep track of and foods that must have just the right combinations of fat, protein, and carbs. But in The 5-Ingredient Keto Cookbook, author and nutrition consultant Stephanie Pedersen simplifies the process for newcomers to the diet with 100 high-fat, low-carb recipes anyone can make. These gourmet dishes-including breakfasts, lunches, dinners, snacks, fat bombs, and drinks, as well as plenty of big-batch and slow-cooker options-are designed with the macros you need to stay true to your plan. Plus, Pedersen gives you smart how-tos, sneaky keto tricks, and more! Nutritional counts are included with each recipe&quot;--</subfield>
    <subfield code="c">Provided by publisher.</subfield>
  </datafield>
  <datafield tag="650" ind1=" " ind2="0">
    <subfield code="a">Ketogenic diet.</subfield>
  </datafield>
  <datafield tag="650" ind1=" " ind2="0">
    <subfield code="a">Low-carbohydrate diet</subfield>
    <subfield code="v">Recipes.</subfield>
  </datafield>
  <datafield tag="650" ind1=" " ind2="0">
    <subfield code="a">Quick and easy cooking.</subfield>
  </datafield>
  <datafield tag="655" ind1=" " ind2="7">
    <subfield code="a">Cookbooks.</subfield>
    <subfield code="2">lcgft</subfield>
  </datafield>
</record>