
<record>
  <leader>04754cgm a2200721 a 4500</leader>
  <controlfield tag="001">21348645</controlfield>
  <controlfield tag="005">20200103110540.0</controlfield>
  <controlfield tag="007">mr caaafmnara||ac------</controlfield>
  <controlfield tag="008">191231s1973    xxu094            mleng  </controlfield>
  <datafield tag="906" ind1=" " ind2=" ">
    <subfield code="a">7</subfield>
    <subfield code="b">cbc</subfield>
    <subfield code="c">orignew</subfield>
    <subfield code="d">u</subfield>
    <subfield code="e">ncip</subfield>
    <subfield code="f">20</subfield>
    <subfield code="g">y-movingim</subfield>
  </datafield>
  <datafield tag="955" ind1=" " ind2=" ">
    <subfield code="i">qm22 2019-12-31</subfield>
  </datafield>
  <datafield tag="010" ind1=" " ind2=" ">
    <subfield code="a">  2019605359</subfield>
  </datafield>
  <datafield tag="017" ind1=" " ind2=" ">
    <subfield code="a">LP43811</subfield>
    <subfield code="b">U.S. Copyright Office</subfield>
  </datafield>
  <datafield tag="033" ind1="2" ind2="0">
    <subfield code="a">197207--</subfield>
    <subfield code="a">197210--</subfield>
    <subfield code="b">4310</subfield>
  </datafield>
  <datafield tag="040" ind1=" " ind2=" ">
    <subfield code="a">DLC</subfield>
    <subfield code="c">DLC</subfield>
    <subfield code="e">amim</subfield>
    <subfield code="d">DLC</subfield>
  </datafield>
  <datafield tag="043" ind1=" " ind2=" ">
    <subfield code="a">n-us-sd</subfield>
    <subfield code="a">n-us-mt</subfield>
    <subfield code="a">n-usc--</subfield>
  </datafield>
  <datafield tag="050" ind1="0" ind2="0">
    <subfield code="a">FGD 0417-0421 (viewing print)</subfield>
  </datafield>
  <datafield tag="130" ind1="0" ind2=" ">
    <subfield code="a">Badlands (Motion picture)</subfield>
  </datafield>
  <datafield tag="245" ind1="1" ind2="0">
    <subfield code="a">Badlands /</subfield>
    <subfield code="c">Pressman-Williams, Badlands, Ltd. ; directed, produced and written by Terrence Malick.</subfield>
  </datafield>
  <datafield tag="257" ind1=" " ind2=" ">
    <subfield code="a">United States.</subfield>
  </datafield>
  <datafield tag="260" ind1=" " ind2=" ">
    <subfield code="a">United States :</subfield>
    <subfield code="b">Warner Bros.,</subfield>
    <subfield code="c">1973.</subfield>
  </datafield>
  <datafield tag="300" ind1=" " ind2=" ">
    <subfield code="3">viewing print</subfield>
    <subfield code="a">10 film reels of 10 on 5 (ca. 94 min., 8,410 ft.,) :</subfield>
    <subfield code="b">sd., col.,</subfield>
    <subfield code="c">35 mm.</subfield>
  </datafield>
  <datafield tag="500" ind1=" " ind2=" ">
    <subfield code="a">Copyright: Pressman-Williams, Badlands, Ltd.; 24Mar74 (in notice: 1973); LP43811.</subfield>
  </datafield>
  <datafield tag="511" ind1="1" ind2=" ">
    <subfield code="a">Martin Sheen, Sissy Spacek, Warren Oates, Ramon Bieri, Alan Vint, Gary Littlejohn, John Carter.</subfield>
  </datafield>
  <datafield tag="508" ind1=" " ind2=" ">
    <subfield code="a">Executive producer, Edward R. Pressman ; camera, Brian Probyn, Tak Fujimoto, Stevan Larner ; editing, Robert Estrin ; associate editor, William Weber ; art direction, Jack Fisk ; music, George Tipton.</subfield>
  </datafield>
  <datafield tag="518" ind1=" " ind2=" ">
    <subfield code="a">Filmed July, 1972 to October,1972 in various locations in Colorado.</subfield>
  </datafield>
  <datafield tag="520" ind1=" " ind2=" ">
    <subfield code="a">In 1959, 15-year-old Holly lives with her father in the dead-end town of Fort Dupree, South Dakota. She falls for 25-year-old garbage collector, Kit Carruthers, a troubled young Korean War veteran, who resembles James Dean, an actor Holly admires. Holly&apos;s father disapproves of her relationship with Kit, and shoots her dog as a punishment. Kit shoots and kills Holly&apos;s father. The couple fake suicide and go on the run, heading towards the Badlands of Montana.They build a treehouse in a remote area and live there happily for a time, but are eventually discovered by bounty hunters, whom Kit also shoots and kills. They flee across the Midwest on a killing spree, leaving more than half a dozen people dead, all shot at point-blank range by Kit. Holly tires of life on the run and of her relationship with Kit and turns herself in. Kit leads the police on a car chase, but is soon caught. He enjoys the attention he receives from police and reporters. Kit is later executed for his crimes, while Holly receives probation and marries her defense attorney&apos;s son.</subfield>
  </datafield>
  <datafield tag="500" ind1=" " ind2=" ">
    <subfield code="a">Loosely based on the 1950&apos;s killing spree of Charles Starkweather and his girlfriend Caril Ann Fugate.</subfield>
  </datafield>
  <datafield tag="500" ind1=" " ind2=" ">
    <subfield code="a">Parts of summary from Wikipedia.</subfield>
  </datafield>
  <datafield tag="500" ind1=" " ind2=" ">
    <subfield code="a">LC also holds a videodisc viewing copy in the LC Purchase Collection. Videodisc and viewing print have not been compared for content.</subfield>
    <subfield code="5">DLC</subfield>
  </datafield>
  <datafield tag="586" ind1=" " ind2=" ">
    <subfield code="a">This film was selected for the National Film Registry.</subfield>
  </datafield>
  <datafield tag="500" ind1=" " ind2=" ">
    <subfield code="a">Sources used: M/B/RS Film and Television catalog card; Variety, October 15, 1973, p. 2 viewed online December 30, 2019 via Variety Archives; New York times, October 15, 1973, p. 50, viewed online December 30, 2019 via ProQuest Historical Newspapers; Internet movie database, December 30, 2019; Wikipedia WWW site, December 30, 2019; Copyright catalog, motion pictures, January-June, 1974, p. 127; Eagan, D. America&apos;s film legacy, 2010, p. 699-701.</subfield>
  </datafield>
  <datafield tag="650" ind1=" " ind2="0">
    <subfield code="a">Spree murderers</subfield>
    <subfield code="z">United States</subfield>
    <subfield code="v">Drama.</subfield>
  </datafield>
  <datafield tag="650" ind1=" " ind2="0">
    <subfield code="a">Murder</subfield>
    <subfield code="z">United States</subfield>
    <subfield code="v">Drama.</subfield>
  </datafield>
  <datafield tag="650" ind1=" " ind2="0">
    <subfield code="a">Alienation (Social psychology)</subfield>
    <subfield code="z">United States</subfield>
    <subfield code="v">Drama.</subfield>
  </datafield>
  <datafield tag="650" ind1=" " ind2="0">
    <subfield code="a">Teenage girls</subfield>
    <subfield code="z">United States</subfield>
    <subfield code="v">Drama.</subfield>
  </datafield>
  <datafield tag="650" ind1=" " ind2="0">
    <subfield code="a">Young men</subfield>
    <subfield code="z">United States</subfield>
    <subfield code="v">Drama.</subfield>
  </datafield>
  <datafield tag="651" ind1=" " ind2="0">
    <subfield code="a">Middle West</subfield>
    <subfield code="v">Drama.</subfield>
  </datafield>
  <datafield tag="650" ind1=" " ind2="0">
    <subfield code="a">Badlands</subfield>
    <subfield code="z">Montana</subfield>
    <subfield code="v">Drama.</subfield>
  </datafield>
  <datafield tag="655" ind1=" " ind2="7">
    <subfield code="a">Crime films.</subfield>
    <subfield code="2">lcgft</subfield>
  </datafield>
  <datafield tag="655" ind1=" " ind2="7">
    <subfield code="a">Fiction films.</subfield>
    <subfield code="2">lcgft</subfield>
  </datafield>
  <datafield tag="655" ind1=" " ind2="7">
    <subfield code="a">Feature films.</subfield>
    <subfield code="2">lcgft</subfield>
  </datafield>
  <datafield tag="700" ind1="1" ind2=" ">
    <subfield code="a">Malick, Terrence,</subfield>
    <subfield code="d">1943-</subfield>
    <subfield code="e">direction,</subfield>
    <subfield code="e">production,</subfield>
    <subfield code="e">writing.</subfield>
  </datafield>
  <datafield tag="700" ind1="1" ind2=" ">
    <subfield code="a">Pressman, Edward R.,</subfield>
    <subfield code="e">production.</subfield>
  </datafield>
  <datafield tag="700" ind1="1" ind2=" ">
    <subfield code="a">Probyn, Brian,</subfield>
    <subfield code="d">1921-1982,</subfield>
    <subfield code="e">camera.</subfield>
  </datafield>
  <datafield tag="700" ind1="1" ind2=" ">
    <subfield code="a">Fujimoto, Tak,</subfield>
    <subfield code="e">camera.</subfield>
  </datafield>
  <datafield tag="700" ind1="1" ind2=" ">
    <subfield code="a">Larner, Stevan,</subfield>
    <subfield code="e">camera.</subfield>
  </datafield>
  <datafield tag="700" ind1="1" ind2=" ">
    <subfield code="a">Estrin, Robert,</subfield>
    <subfield code="d">1942-</subfield>
    <subfield code="e">editing.</subfield>
  </datafield>
  <datafield tag="700" ind1="1" ind2=" ">
    <subfield code="a">Weber, Billy,</subfield>
    <subfield code="e">editing.</subfield>
  </datafield>
  <datafield tag="700" ind1="1" ind2=" ">
    <subfield code="a">Fisk, Jack,</subfield>
    <subfield code="d">1934-</subfield>
    <subfield code="e">production design.</subfield>
  </datafield>
  <datafield tag="700" ind1="1" ind2=" ">
    <subfield code="a">Tipton, George,</subfield>
    <subfield code="d">1932-2016,</subfield>
    <subfield code="e">music.</subfield>
  </datafield>
  <datafield tag="700" ind1="1" ind2=" ">
    <subfield code="a">Sheen, Martin,</subfield>
    <subfield code="e">cast.</subfield>
  </datafield>
  <datafield tag="700" ind1="1" ind2=" ">
    <subfield code="a">Spacek, Sissy,</subfield>
    <subfield code="e">cast.</subfield>
  </datafield>
  <datafield tag="700" ind1="1" ind2=" ">
    <subfield code="a">Oates, Warren,</subfield>
    <subfield code="d">1928-1982,</subfield>
    <subfield code="e">cast.</subfield>
  </datafield>
  <datafield tag="700" ind1="1" ind2=" ">
    <subfield code="a">Bieri, Ramon,</subfield>
    <subfield code="e">cast.</subfield>
  </datafield>
  <datafield tag="700" ind1="1" ind2=" ">
    <subfield code="a">Vint, Alan,</subfield>
    <subfield code="d">1944-2006,</subfield>
    <subfield code="e">cast.</subfield>
  </datafield>
  <datafield tag="700" ind1="1" ind2=" ">
    <subfield code="a">Littlejohn, Gary,</subfield>
    <subfield code="d">1946-</subfield>
    <subfield code="e">cast.</subfield>
  </datafield>
  <datafield tag="700" ind1="1" ind2=" ">
    <subfield code="a">Carter, John,</subfield>
    <subfield code="d">1927-2015,</subfield>
    <subfield code="e">cast.</subfield>
  </datafield>
  <datafield tag="710" ind1="2" ind2=" ">
    <subfield code="a">Pressman-Williams (Firm)</subfield>
  </datafield>
  <datafield tag="710" ind1="2" ind2=" ">
    <subfield code="a">Warner Bros. Pictures (1969- )</subfield>
  </datafield>
  <datafield tag="710" ind1="2" ind2=" ">
    <subfield code="a">Copyright Collection (Library of Congress)</subfield>
    <subfield code="5">DLC</subfield>
  </datafield>
  <datafield tag="786" ind1="1" ind2="8">
    <subfield code="t">Badlands</subfield>
    <subfield code="w">(DLC) 2010122</subfield>
    <subfield code="n">MAVIS</subfield>
  </datafield>
  <datafield tag="985" ind1=" " ind2=" ">
    <subfield code="a">BibframePilot2</subfield>
    <subfield code="e">20191231</subfield>
  </datafield>
</record>