
<record>
  <leader>02061cam a2200445 a 4500</leader>
  <controlfield tag="001">21348682</controlfield>
  <controlfield tag="005">20200103100604.0</controlfield>
  <controlfield tag="008">960325s1485    it            000 0 lat d</controlfield>
  <datafield tag="906" ind1=" " ind2=" ">
    <subfield code="a">7</subfield>
    <subfield code="b">cbc</subfield>
    <subfield code="c">copycat</subfield>
    <subfield code="d">2</subfield>
    <subfield code="e">ncip</subfield>
    <subfield code="f">20</subfield>
    <subfield code="g">y-genrareb</subfield>
  </datafield>
  <datafield tag="955" ind1=" " ind2=" ">
    <subfield code="b">he04 2019-12-31</subfield>
    <subfield code="i">he04 2019-12-31</subfield>
    <subfield code="a">Returned to RBSCD he04 2020-01-03</subfield>
  </datafield>
  <datafield tag="010" ind1=" " ind2=" ">
    <subfield code="a">  2018659155</subfield>
  </datafield>
  <datafield tag="042" ind1=" " ind2=" ">
    <subfield code="a">lccopycat</subfield>
  </datafield>
  <datafield tag="035" ind1=" " ind2=" ">
    <subfield code="a">(OCoLC)ocm34459353</subfield>
  </datafield>
  <datafield tag="040" ind1=" " ind2=" ">
    <subfield code="a">EXW</subfield>
    <subfield code="b">eng</subfield>
    <subfield code="c">EXW</subfield>
    <subfield code="d">OCLCQ</subfield>
    <subfield code="d">OCLCG</subfield>
    <subfield code="d">OCLCA</subfield>
    <subfield code="d">OCLCQ</subfield>
    <subfield code="d">OCLCA</subfield>
    <subfield code="d">OCLCQ</subfield>
    <subfield code="d">OCLCO</subfield>
    <subfield code="d">OCLCF</subfield>
    <subfield code="d">DLC</subfield>
    <subfield code="e">dcrmb</subfield>
  </datafield>
  <datafield tag="035" ind1=" " ind2=" ">
    <subfield code="a">(OCoLC)34459353</subfield>
  </datafield>
  <datafield tag="050" ind1="0" ind2="0">
    <subfield code="a">BV4510.A2</subfield>
    <subfield code="b">F676 1485</subfield>
  </datafield>
  <datafield tag="130" ind1="0" ind2=" ">
    <subfield code="a">Formula honestae vitae.</subfield>
  </datafield>
  <datafield tag="245" ind1="1" ind2="0">
    <subfield code="a">Incipit Speculum beati Bernhardi Abbatis De Honestate vite.</subfield>
  </datafield>
  <datafield tag="260" ind1=" " ind2=" ">
    <subfield code="a">[Rome, Italy] :</subfield>
    <subfield code="b">[Stephan Plannck],</subfield>
    <subfield code="c">[approximately 1485]</subfield>
  </datafield>
  <datafield tag="300" ind1=" " ind2=" ">
    <subfield code="a">[12] p. ;</subfield>
    <subfield code="c">22 cm (4to)</subfield>
  </datafield>
  <datafield tag="500" ind1=" " ind2=" ">
    <subfield code="a">Caption title.</subfield>
  </datafield>
  <datafield tag="500" ind1=" " ind2=" ">
    <subfield code="a">Imprint from ISTC.</subfield>
  </datafield>
  <datafield tag="500" ind1=" " ind2=" ">
    <subfield code="a">Formerly attributed to Bernard of Clairvaux; L. Januaschek, Bibliographia Bernardina ... 1891, suggests Bernard Silvestris. Cf. Janauschek, p. VI (no. 30).</subfield>
  </datafield>
  <datafield tag="500" ind1=" " ind2=" ">
    <subfield code="a">Signatures: [1]⁶ (leaf [1]6 blank.)</subfield>
  </datafield>
  <datafield tag="510" ind1="4" ind2=" ">
    <subfield code="a">Goff, F.R. Incunabula in American libraries,</subfield>
    <subfield code="c">B444</subfield>
  </datafield>
  <datafield tag="510" ind1="4" ind2=" ">
    <subfield code="a">Copinger, W.A. Supplement to Hain&apos;s Repertorium bibliographicum (not Hain),</subfield>
    <subfield code="c">2902</subfield>
  </datafield>
  <datafield tag="510" ind1="4" ind2=" ">
    <subfield code="a">Reichling, D. Appendices ad Hainii-Copingeri Repertorium bibliographicum,</subfield>
    <subfield code="c">833</subfield>
  </datafield>
  <datafield tag="510" ind1="4" ind2=" ">
    <subfield code="a">Gesamtkatalog der Wiegendrucke,</subfield>
    <subfield code="c">4075</subfield>
  </datafield>
  <datafield tag="510" ind1="4" ind2=" ">
    <subfield code="a">Incunabula Short Title Catalogue,</subfield>
    <subfield code="c">ib00444000</subfield>
  </datafield>
  <datafield tag="500" ind1=" " ind2=" ">
    <subfield code="a">&quot;Incipiunt octo puncta mediante quibus peruenitur ad perfectionem vite spiritualis eiusdem&quot;: leaves [1]3-5.</subfield>
  </datafield>
  <datafield tag="500" ind1=" " ind2=" ">
    <subfield code="a">Capital spaces.</subfield>
  </datafield>
  <datafield tag="650" ind1=" " ind2="0">
    <subfield code="a">Christian life</subfield>
    <subfield code="v">Early works to 1800.</subfield>
  </datafield>
  <datafield tag="650" ind1=" " ind2="0">
    <subfield code="a">Spiritual life</subfield>
    <subfield code="x">Catholic Church</subfield>
    <subfield code="v">Early works to 1800.</subfield>
  </datafield>
  <datafield tag="655" ind1=" " ind2="7">
    <subfield code="a">Incunabula.</subfield>
    <subfield code="2">rbgenr</subfield>
  </datafield>
  <datafield tag="700" ind1="0" ind2=" ">
    <subfield code="a">Bernard,</subfield>
    <subfield code="c">of Clairvaux, Saint,</subfield>
    <subfield code="d">1090 or 1091-1153.</subfield>
  </datafield>
  <datafield tag="700" ind1="0" ind2=" ">
    <subfield code="a">Bernard Silvestris,</subfield>
    <subfield code="d">active 1136.</subfield>
  </datafield>
  <datafield tag="700" ind1="1" ind2=" ">
    <subfield code="a">Plannck, Stephan,</subfield>
    <subfield code="d">active 15th century,</subfield>
    <subfield code="e">printer.</subfield>
  </datafield>
  <datafield tag="710" ind1="2" ind2=" ">
    <subfield code="a">Otto Vollbehr Collection (Library of Congress)</subfield>
    <subfield code="5">DLC</subfield>
  </datafield>
  <datafield tag="730" ind1="0" ind2="2">
    <subfield code="a">Octo puncta perfectionis.</subfield>
  </datafield>
  <datafield tag="752" ind1=" " ind2=" ">
    <subfield code="a">Italy</subfield>
    <subfield code="d">Rome.</subfield>
  </datafield>
</record>