
<record>
  <leader>03772cam a22004218i 4500</leader>
  <controlfield tag="001">21348714</controlfield>
  <controlfield tag="005">20200103095204.0</controlfield>
  <controlfield tag="008">191228s2020    nyu      b    001 0 eng  </controlfield>
  <datafield tag="906" ind1=" " ind2=" ">
    <subfield code="a">7</subfield>
    <subfield code="b">cbc</subfield>
    <subfield code="c">orignew</subfield>
    <subfield code="d">1</subfield>
    <subfield code="e">ecip</subfield>
    <subfield code="f">20</subfield>
    <subfield code="g">y-gencatlg</subfield>
  </datafield>
  <datafield tag="925" ind1="0" ind2=" ">
    <subfield code="a">acquire</subfield>
    <subfield code="b">1 shelf copy</subfield>
    <subfield code="x">policy default</subfield>
  </datafield>
  <datafield tag="955" ind1=" " ind2=" ">
    <subfield code="b">DNAL 2019-12-28</subfield>
    <subfield code="e">rl46 2019-12-31 to Dewey</subfield>
    <subfield code="w">xm08 2020-01-03 (telework)</subfield>
  </datafield>
  <datafield tag="010" ind1=" " ind2=" ">
    <subfield code="a">  2019059680</subfield>
  </datafield>
  <datafield tag="020" ind1=" " ind2=" ">
    <subfield code="a">9781536171952</subfield>
    <subfield code="q">(paperback)</subfield>
  </datafield>
  <datafield tag="020" ind1=" " ind2=" ">
    <subfield code="z">9781536171969</subfield>
    <subfield code="q">(adobe pdf)</subfield>
  </datafield>
  <datafield tag="040" ind1=" " ind2=" ">
    <subfield code="a">DNAL/DLC</subfield>
    <subfield code="b">eng</subfield>
    <subfield code="e">rda</subfield>
    <subfield code="c">DLC</subfield>
  </datafield>
  <datafield tag="042" ind1=" " ind2=" ">
    <subfield code="a">pcc</subfield>
  </datafield>
  <datafield tag="043" ind1=" " ind2=" ">
    <subfield code="a">s-bl---</subfield>
  </datafield>
  <datafield tag="050" ind1="0" ind2="0">
    <subfield code="a">SB413.S88</subfield>
    <subfield code="b">S862 2019</subfield>
  </datafield>
  <datafield tag="070" ind1="0" ind2=" ">
    <subfield code="a">SB413.S88</subfield>
    <subfield code="b">S864 2019</subfield>
  </datafield>
  <datafield tag="082" ind1="0" ind2="0">
    <subfield code="a">635.9/3399</subfield>
    <subfield code="2">23</subfield>
  </datafield>
  <datafield tag="245" ind1="0" ind2="0">
    <subfield code="a">Sunflowers :</subfield>
    <subfield code="b">cultivation, uses and ecological significance /</subfield>
    <subfield code="c">[Érico de Sá Petit Lobão].</subfield>
  </datafield>
  <datafield tag="263" ind1=" " ind2=" ">
    <subfield code="a">2004</subfield>
  </datafield>
  <datafield tag="264" ind1=" " ind2="1">
    <subfield code="a">[Hauppauge], New York :</subfield>
    <subfield code="b">Nova Science Publishers,</subfield>
    <subfield code="c">[2019]</subfield>
  </datafield>
  <datafield tag="300" ind1=" " ind2=" ">
    <subfield code="a">pages cm</subfield>
  </datafield>
  <datafield tag="336" ind1=" " ind2=" ">
    <subfield code="a">text</subfield>
    <subfield code="b">txt</subfield>
    <subfield code="2">rdacontent</subfield>
  </datafield>
  <datafield tag="337" ind1=" " ind2=" ">
    <subfield code="a">unmediated</subfield>
    <subfield code="b">n</subfield>
    <subfield code="2">rdamedia</subfield>
  </datafield>
  <datafield tag="338" ind1=" " ind2=" ">
    <subfield code="a">volume</subfield>
    <subfield code="b">nc</subfield>
    <subfield code="2">rdacarrier</subfield>
  </datafield>
  <datafield tag="490" ind1="1" ind2=" ">
    <subfield code="a">Plant science research and practices</subfield>
  </datafield>
  <datafield tag="504" ind1=" " ind2=" ">
    <subfield code="a">Includes bibliographical references and index.</subfield>
  </datafield>
  <datafield tag="505" ind1="0" ind2=" ">
    <subfield code="a">Short Sunflower History Review / Sergey Gontcharov -- Sunflower Crop under Organic Fertilization in Brazil / Érico de Sá Petit Lobão, Alberício Pereira Andrade, Pedro Fernandes Dantas, Javob Silva Souto, José Marques Pereira and Dan Érico Lobão -- Stages of Sunflower Development: Correlations in Male and Female Reproductive Structures Formation / Olga N. Voronova -- Classification of Sunflower under Water Stress Conditions by Means of Spectral Reflectance and Chemometrics / Antonio José Steidle Neto and Daniela de Carvalho Lopes -- Genetic Variability in Sunflower after Mutagenic Treatment of Seeds and Immature Embryos / A. I. Soroka and V. A. Lyakh -- Development of Environmentally Friendly Composite Materials Based on Sunflower Oil and Alfa Fibers / Sihem Kadem, Ratiba Irinislimane and Naima Belhaneche-Bensemra.</subfield>
  </datafield>
  <datafield tag="520" ind1=" " ind2=" ">
    <subfield code="a">&quot;Sunflower: Cultivation, Uses and Ecological Significance is a work that brings together renowned researchers from four different countries with experience and scientific competence in the research of Hellianthus annus L. The book consists of six chapters that present information referenced in years of research on various topics such as: a short sunflower review; an organic fertilization revision; the stages of sunflower development; the sunflower under water stress conditions; the sunflower genetic variability; and the development of composite materials. In each section of this book the authors have provided a little feedback on their extensive work from years of research devoted to the knowledge, domestication and improvement of the use of the species. There are a huge range of sunflower varieties currently being used by modern civilization for different purposes and applications. It is an extremely versatile species that can deliver extraordinary results in different sectors, whether as a highly healthy food in the food industry or as a strategic oilseed for the bioenergy and biofuels segment. It would be impossible to gather all the available information in a single work, however, this small work aims to contribute to the global collection about the species and guide future works that are still needed for the best use of this incredible plant that is the sunflower&quot;--</subfield>
    <subfield code="c">Provided by publisher.</subfield>
  </datafield>
  <datafield tag="650" ind1=" " ind2="0">
    <subfield code="a">Sunflowers.</subfield>
  </datafield>
  <datafield tag="650" ind1=" " ind2="0">
    <subfield code="a">Sunflowers</subfield>
    <subfield code="x">Utilization.</subfield>
  </datafield>
  <datafield tag="650" ind1=" " ind2="0">
    <subfield code="a">Sunflowers</subfield>
    <subfield code="z">Brazil.</subfield>
  </datafield>
  <datafield tag="700" ind1="1" ind2=" ">
    <subfield code="a">De Sá Petit Lobão, Érico,</subfield>
    <subfield code="e">editor.</subfield>
  </datafield>
  <datafield tag="776" ind1="0" ind2="8">
    <subfield code="i">Online version:</subfield>
    <subfield code="t">Sunflowers</subfield>
    <subfield code="d">[Hauppauge], New York : Nova Science Publishers, [2019]</subfield>
    <subfield code="z">9781536171969</subfield>
    <subfield code="w">(DLC) 2019059681</subfield>
  </datafield>
  <datafield tag="830" ind1=" " ind2="0">
    <subfield code="a">Plant science research and practices.</subfield>
  </datafield>
  <datafield tag="985" ind1=" " ind2=" ">
    <subfield code="a">NALCIP</subfield>
    <subfield code="d">2019-12-28</subfield>
  </datafield>
</record>