
<record>
  <leader>03336cam a22003978i 4500</leader>
  <controlfield tag="001">21348775</controlfield>
  <controlfield tag="005">20200103083134.0</controlfield>
  <controlfield tag="008">191229s2020    nyu      b    001 0 eng  </controlfield>
  <datafield tag="906" ind1=" " ind2=" ">
    <subfield code="a">7</subfield>
    <subfield code="b">cbc</subfield>
    <subfield code="c">orignew</subfield>
    <subfield code="d">1</subfield>
    <subfield code="e">ecip</subfield>
    <subfield code="f">20</subfield>
    <subfield code="g">y-gencatlg</subfield>
  </datafield>
  <datafield tag="925" ind1="0" ind2=" ">
    <subfield code="a">acquire</subfield>
    <subfield code="b">1 shelf copy</subfield>
    <subfield code="x">policy default</subfield>
  </datafield>
  <datafield tag="955" ind1=" " ind2=" ">
    <subfield code="b">DNAL 2019-12-29</subfield>
    <subfield code="e">rl46 2019-12-31 to Dewey</subfield>
    <subfield code="w">xm08 2020-01-03 (telework)</subfield>
  </datafield>
  <datafield tag="010" ind1=" " ind2=" ">
    <subfield code="a">  2019059698</subfield>
  </datafield>
  <datafield tag="020" ind1=" " ind2=" ">
    <subfield code="a">9781536172560</subfield>
    <subfield code="q">(paperback)</subfield>
  </datafield>
  <datafield tag="020" ind1=" " ind2=" ">
    <subfield code="z">9781536172577</subfield>
    <subfield code="q">(adobe pdf)</subfield>
  </datafield>
  <datafield tag="040" ind1=" " ind2=" ">
    <subfield code="a">DNAL/DLC</subfield>
    <subfield code="b">eng</subfield>
    <subfield code="e">rda</subfield>
    <subfield code="c">DLC</subfield>
  </datafield>
  <datafield tag="042" ind1=" " ind2=" ">
    <subfield code="a">pcc</subfield>
  </datafield>
  <datafield tag="050" ind1="0" ind2="0">
    <subfield code="a">SB128</subfield>
    <subfield code="b">.P554 2019</subfield>
  </datafield>
  <datafield tag="070" ind1="0" ind2=" ">
    <subfield code="a">SB128</subfield>
    <subfield code="b">.P536 2019</subfield>
  </datafield>
  <datafield tag="082" ind1="0" ind2="0">
    <subfield code="a">631.8/9</subfield>
    <subfield code="2">23</subfield>
  </datafield>
  <datafield tag="245" ind1="0" ind2="0">
    <subfield code="a">Plant growth regulators (PGRS) :</subfield>
    <subfield code="b">types, uses and safety /</subfield>
    <subfield code="c">[Qiang-Sheng Wu]</subfield>
  </datafield>
  <datafield tag="263" ind1=" " ind2=" ">
    <subfield code="a">2003</subfield>
  </datafield>
  <datafield tag="264" ind1=" " ind2="1">
    <subfield code="a">[Hauppauge], New York :</subfield>
    <subfield code="b">Nova Science Publishers,</subfield>
    <subfield code="c">[2019]</subfield>
  </datafield>
  <datafield tag="300" ind1=" " ind2=" ">
    <subfield code="a">pages cm</subfield>
  </datafield>
  <datafield tag="336" ind1=" " ind2=" ">
    <subfield code="a">text</subfield>
    <subfield code="b">txt</subfield>
    <subfield code="2">rdacontent</subfield>
  </datafield>
  <datafield tag="337" ind1=" " ind2=" ">
    <subfield code="a">unmediated</subfield>
    <subfield code="b">n</subfield>
    <subfield code="2">rdamedia</subfield>
  </datafield>
  <datafield tag="338" ind1=" " ind2=" ">
    <subfield code="a">volume</subfield>
    <subfield code="b">nc</subfield>
    <subfield code="2">rdacarrier</subfield>
  </datafield>
  <datafield tag="490" ind1="1" ind2=" ">
    <subfield code="a">Plant science research and practices</subfield>
  </datafield>
  <datafield tag="504" ind1=" " ind2=" ">
    <subfield code="a">Includes bibliographical references and index.</subfield>
  </datafield>
  <datafield tag="505" ind1="0" ind2=" ">
    <subfield code="a">Interaction between Exogenous Plant Growth Regulators and Endogenous Phytohormones as a Key Tool to Modification of Plant Secondary Metabolism in Vitro / Kalina Danova -- Metabolism of Abscisic Acid and Its Regulation Roles in Fruit Ripening / Tingting Lai, Xinxin Du, Ziying Lai, Dongmei Han, Zhenxian Wu and Tao Luo -- Influence of Fly Ash on the Plant Growth of Jatropha Curcas a Biodiesel Plant: Waste Utilization with Sustainability Approach / Seema Raj and Sumedha Mohan -- Exogenous Glomalin-Related Soil Proteins Regulate Plant and Soil Responses / Wei-Qin Gao, Bo Shu, De-Jian Zhang and Qiang-Sheng Wu -- Phytohormones: Role in Manipulation of Genome-Wide Associated Horticultural Traits for Crop Improvement / J. Shankaraswamy and Shahanaz.</subfield>
  </datafield>
  <datafield tag="520" ind1=" " ind2=" ">
    <subfield code="a">&quot;Plant growth regulators consist of organic molecules produced synthetically and used to modulate plant growth. There are several classes of plant growth regulators, including auxin, gibberellin, abscisic acid, cytokinins, salicylic, jasmonic acid and ethylene, as well as more recently investigated brassinosteroids, strigolactones, polyamine, etc. These plant growth regulators have either promoting or inhibitory effects on plant growth and development by means of modification in plant secondary metabolism and gene regulation. Some of plant growth regulators may have safe issues in fields. More attention should be paid in the application of plant growth regulators. Researchers also try to find other regulators to do more field experiments, in order to reduce the amount of organic chemicals (e.g., traditional plant growth regulators) used. This book discusses the function, types, uses and safety of plant growth regulators. The effects of plant growth regulators on horticultural plants are specially introduced in this book. Fly ash and soil mycorrhizal fungi-released glomalin also get a lot of attention in this book&quot;--</subfield>
    <subfield code="c">Provided by publisher.</subfield>
  </datafield>
  <datafield tag="650" ind1=" " ind2="0">
    <subfield code="a">Plant regulators.</subfield>
  </datafield>
  <datafield tag="650" ind1=" " ind2="0">
    <subfield code="a">Growth (Plants).</subfield>
  </datafield>
  <datafield tag="700" ind1="1" ind2=" ">
    <subfield code="a">Wu, Qiang-Sheng,</subfield>
    <subfield code="e">editor.</subfield>
  </datafield>
  <datafield tag="776" ind1="0" ind2="8">
    <subfield code="i">Online version:</subfield>
    <subfield code="t">Plant growth regulators (pgrs)</subfield>
    <subfield code="d">[Hauppauge], New York : Nova Science Publishers, [2019]</subfield>
    <subfield code="z">9781536172577</subfield>
    <subfield code="w">(DLC) 2019059699</subfield>
  </datafield>
  <datafield tag="830" ind1=" " ind2="0">
    <subfield code="a">Plant science research and practices.</subfield>
  </datafield>
  <datafield tag="985" ind1=" " ind2=" ">
    <subfield code="a">NALCIP</subfield>
    <subfield code="d">2019-12-29</subfield>
  </datafield>
</record>