
<record>
  <leader>03726cam a22004098i 4500</leader>
  <controlfield tag="001">21348816</controlfield>
  <controlfield tag="005">20200103172120.0</controlfield>
  <controlfield tag="008">191231s2020    kyu           001 0 eng  </controlfield>
  <datafield tag="906" ind1=" " ind2=" ">
    <subfield code="a">0</subfield>
    <subfield code="b">ibc</subfield>
    <subfield code="c">orignew</subfield>
    <subfield code="d">1</subfield>
    <subfield code="e">ecip</subfield>
    <subfield code="f">20</subfield>
    <subfield code="g">y-gencatlg</subfield>
  </datafield>
  <datafield tag="925" ind1="0" ind2=" ">
    <subfield code="a">acquire</subfield>
    <subfield code="b">1 shelf copy</subfield>
    <subfield code="x">policy default</subfield>
  </datafield>
  <datafield tag="955" ind1=" " ind2=" ">
    <subfield code="b">rf26 2019-12-31</subfield>
    <subfield code="d">rf26 2019-12-31 to SL</subfield>
    <subfield code="e">rf07 2020-01-03 (telework) to Dewey</subfield>
  </datafield>
  <datafield tag="010" ind1=" " ind2=" ">
    <subfield code="a">  2019045518</subfield>
  </datafield>
  <datafield tag="020" ind1=" " ind2=" ">
    <subfield code="a">9781949668049</subfield>
    <subfield code="q">(hardcover)</subfield>
  </datafield>
  <datafield tag="020" ind1=" " ind2=" ">
    <subfield code="z">9781949668063</subfield>
    <subfield code="q">(pdf)</subfield>
  </datafield>
  <datafield tag="020" ind1=" " ind2=" ">
    <subfield code="z">9781949668070</subfield>
    <subfield code="q">(epub)</subfield>
  </datafield>
  <datafield tag="040" ind1=" " ind2=" ">
    <subfield code="a">DLC</subfield>
    <subfield code="b">eng</subfield>
    <subfield code="e">rda</subfield>
    <subfield code="c">DLC</subfield>
  </datafield>
  <datafield tag="042" ind1=" " ind2=" ">
    <subfield code="a">pcc</subfield>
  </datafield>
  <datafield tag="050" ind1="0" ind2="0">
    <subfield code="a">D770</subfield>
    <subfield code="b">.S425 2020</subfield>
  </datafield>
  <datafield tag="245" ind1="0" ind2="4">
    <subfield code="a">The sea and the Second World War :</subfield>
    <subfield code="b">maritime aspects of a global conflict /</subfield>
    <subfield code="c">edited by Marcus Faulkner, and Alessio Patalano.</subfield>
  </datafield>
  <datafield tag="246" ind1="3" ind2="0">
    <subfield code="a">Maritime aspects of a global conflict</subfield>
  </datafield>
  <datafield tag="263" ind1=" " ind2=" ">
    <subfield code="a">2001</subfield>
  </datafield>
  <datafield tag="264" ind1=" " ind2="1">
    <subfield code="a">Lexington :</subfield>
    <subfield code="b">Andarta Books, an imprint of the University Press of Kentucky ;</subfield>
    <subfield code="b">Brécourt Academic,</subfield>
    <subfield code="c">2020.</subfield>
  </datafield>
  <datafield tag="300" ind1=" " ind2=" ">
    <subfield code="a">pages cm</subfield>
  </datafield>
  <datafield tag="336" ind1=" " ind2=" ">
    <subfield code="a">text</subfield>
    <subfield code="b">txt</subfield>
    <subfield code="2">rdacontent</subfield>
  </datafield>
  <datafield tag="337" ind1=" " ind2=" ">
    <subfield code="a">unmediated</subfield>
    <subfield code="b">n</subfield>
    <subfield code="2">rdamedia</subfield>
  </datafield>
  <datafield tag="338" ind1=" " ind2=" ">
    <subfield code="a">volume</subfield>
    <subfield code="b">nc</subfield>
    <subfield code="2">rdacarrier</subfield>
  </datafield>
  <datafield tag="490" ind1="0" ind2=" ">
    <subfield code="a">New perspectives on the Second World War</subfield>
  </datafield>
  <datafield tag="500" ind1=" " ind2=" ">
    <subfield code="a">Includes index.</subfield>
  </datafield>
  <datafield tag="505" ind1="0" ind2=" ">
    <subfield code="a">Buying Time: British Submarine Capability in the Far East, 1919-1940 / James Goldrick -- Naval Strategies in Collision: Britain, the USA, and Japan at the Beginning of the Pacific War / Evan Mawdsley -- The Perils of Technological Transformation: A Case Study of the Japanese Attack on Pearl Harbor / Alan D. Zimm -- The Dominions and British Maritime Power in the Second World War / Iain E. Johnston-White -- Schnellboote, Strategy, and the Defense of Festung Europa, 1943-1944 / G. H. Bennett -- The Development of Combined Operations Headquarters and the Admiralty during the Second World War: Personalities and Administration / C. I. Hamilton -- To the Jungle Shore: Australia and Amphibious Warfare in the South West Pacific Area, 1942-1945 / Peter J. Dean -- Naval Gunfire Support at Iwo Jima: The Perils of Doctrinal Myopia / Donald K. Mitchener -- Naval Power, Mao Zedong, and the War in China, 1926-1949 / Francis Grice -- The Army-Navy Contest for Control of Land-Based Antisubmarine Aviation and the Military Unification Debate, 1942-1948 / George H. Monahan.</subfield>
  </datafield>
  <datafield tag="520" ind1=" " ind2=" ">
    <subfield code="a">&quot;The sea shaped the course and conduct of World War II, from the first moments of the German invasion of Poland on September 1, 1939, to the Japanese surrender on September 2, 1945. The impact could be felt far beyond the shoreline, as the arms and armies carried across the oceans were ultimately destined to wage war ashore. Populations and industries depended on the raw materials and supplies in a war that increasingly became a contest of national will and economic might. Ultimately, it was the war at sea that linked numerous regional conflicts and theaters of operation into a global war. As the war grew in complexity and covered an increasingly larger geographical area, the organization of the maritime effort and the impact it had on the formulation of national strategy also evolved. This volume illustrates the impact of naval operations on the Second World War by highlighting topics previously neglected in the scholarship. In doing so, it provides new insights into political, strategic, administrative, and operational aspects of the maritime dimension of the war&quot;--</subfield>
    <subfield code="c">Provided by publisher.</subfield>
  </datafield>
  <datafield tag="650" ind1=" " ind2="0">
    <subfield code="a">World War, 1939-1945</subfield>
    <subfield code="x">Naval operations.</subfield>
  </datafield>
  <datafield tag="650" ind1=" " ind2="0">
    <subfield code="a">World War, 1939-1945</subfield>
    <subfield code="x">Naval operations</subfield>
    <subfield code="x">Submarine.</subfield>
  </datafield>
  <datafield tag="650" ind1=" " ind2="0">
    <subfield code="a">Submarines (Ships)</subfield>
    <subfield code="x">History</subfield>
    <subfield code="y">20th century.</subfield>
  </datafield>
  <datafield tag="650" ind1=" " ind2="0">
    <subfield code="a">Navies</subfield>
    <subfield code="x">History</subfield>
    <subfield code="y">20th century.</subfield>
  </datafield>
  <datafield tag="650" ind1=" " ind2="0">
    <subfield code="a">World War, 1939-1945</subfield>
    <subfield code="x">Amphibious operations.</subfield>
  </datafield>
  <datafield tag="700" ind1="1" ind2=" ">
    <subfield code="a">Faulkner, Marcus,</subfield>
    <subfield code="e">editor.</subfield>
  </datafield>
  <datafield tag="700" ind1="1" ind2=" ">
    <subfield code="a">Patalano, Alessio,</subfield>
    <subfield code="e">editor.</subfield>
  </datafield>
</record>