
<record>
  <leader>03442cam a22003618i 4500</leader>
  <controlfield tag="001">21348868</controlfield>
  <controlfield tag="005">20200103144140.0</controlfield>
  <controlfield tag="008">191231s2020    ncu      b    001 0deng  </controlfield>
  <datafield tag="906" ind1=" " ind2=" ">
    <subfield code="a">7</subfield>
    <subfield code="b">cbc</subfield>
    <subfield code="c">orignew</subfield>
    <subfield code="d">1</subfield>
    <subfield code="e">ecip</subfield>
    <subfield code="f">20</subfield>
    <subfield code="g">y-gencatlg</subfield>
  </datafield>
  <datafield tag="925" ind1="0" ind2=" ">
    <subfield code="a">acquire</subfield>
    <subfield code="b">2 shelf copy</subfield>
    <subfield code="x">policy default</subfield>
  </datafield>
  <datafield tag="955" ind1=" " ind2=" ">
    <subfield code="b">rf26 2019-12-31</subfield>
    <subfield code="d">rf26 2019-12-31 to SL</subfield>
    <subfield code="e">rf07 2020-01-03 (telework) to Dewey</subfield>
    <subfield code="w">xm09 2020-1-3</subfield>
  </datafield>
  <datafield tag="010" ind1=" " ind2=" ">
    <subfield code="a">  2019047017</subfield>
  </datafield>
  <datafield tag="020" ind1=" " ind2=" ">
    <subfield code="a">9781476678719</subfield>
    <subfield code="q">(paperback)</subfield>
  </datafield>
  <datafield tag="020" ind1=" " ind2=" ">
    <subfield code="z">9781476636832</subfield>
    <subfield code="q">(ebook)</subfield>
  </datafield>
  <datafield tag="040" ind1=" " ind2=" ">
    <subfield code="a">DLC</subfield>
    <subfield code="b">eng</subfield>
    <subfield code="e">rda</subfield>
    <subfield code="c">DLC</subfield>
  </datafield>
  <datafield tag="042" ind1=" " ind2=" ">
    <subfield code="a">pcc</subfield>
  </datafield>
  <datafield tag="043" ind1=" " ind2=" ">
    <subfield code="a">n-us-ri</subfield>
    <subfield code="a">n-us---</subfield>
  </datafield>
  <datafield tag="050" ind1="0" ind2="0">
    <subfield code="a">E528.3</subfield>
    <subfield code="b">.G73 2019</subfield>
  </datafield>
  <datafield tag="082" ind1="0" ind2="0">
    <subfield code="a">974.5/03</subfield>
    <subfield code="2">23</subfield>
  </datafield>
  <datafield tag="100" ind1="1" ind2=" ">
    <subfield code="a">Grandchamp, Robert,</subfield>
    <subfield code="d">1986-</subfield>
    <subfield code="e">author.</subfield>
  </datafield>
  <datafield tag="245" ind1="1" ind2="0">
    <subfield code="a">Rhode Island&apos;s Civil War dead :</subfield>
    <subfield code="b">a complete roster /</subfield>
    <subfield code="c">Robert Grandchamp.</subfield>
  </datafield>
  <datafield tag="263" ind1=" " ind2=" ">
    <subfield code="a">2002</subfield>
  </datafield>
  <datafield tag="264" ind1=" " ind2="1">
    <subfield code="a">Jefferson, North carolina :</subfield>
    <subfield code="b">McFarland &amp; Company, Inc., Publishers,</subfield>
    <subfield code="c">[2019]</subfield>
  </datafield>
  <datafield tag="300" ind1=" " ind2=" ">
    <subfield code="a">pages cm</subfield>
  </datafield>
  <datafield tag="336" ind1=" " ind2=" ">
    <subfield code="a">text</subfield>
    <subfield code="b">txt</subfield>
    <subfield code="2">rdacontent</subfield>
  </datafield>
  <datafield tag="337" ind1=" " ind2=" ">
    <subfield code="a">unmediated</subfield>
    <subfield code="b">n</subfield>
    <subfield code="2">rdamedia</subfield>
  </datafield>
  <datafield tag="338" ind1=" " ind2=" ">
    <subfield code="a">volume</subfield>
    <subfield code="b">nc</subfield>
    <subfield code="2">rdacarrier</subfield>
  </datafield>
  <datafield tag="504" ind1=" " ind2=" ">
    <subfield code="a">Includes bibliographical references and index.</subfield>
  </datafield>
  <datafield tag="505" ind1="0" ind2=" ">
    <subfield code="a">How many?  -- Methodology -- Generals and staff  -- First Rhode Island Detached militia -- Second Rhode Island volunteers -- Third Rhode Island heavy Artillery -- Fourth Rhode Island volunteers -- Fifth Rhode Island heavy Artillery -- Seventh Rhode Island volunteers -- Ninth Rhode Island volunteers  -- Tenth Rhode Island volunteers -- Eleventh Rhode Island volunteers -- Twelfth Rhode Island volunteers -- Fourteenth Rhode Island heavy Artillery -- Hospital Guards -- First Rhode Island Cavalry  -- Second Rhode Island Cavalry -- Third Rhode Island Cavalry -- Seventh squadron of Cavalry  -- Battery A, first Rhode Island light Artillery -- Battery B, first Rhode Island light Artillery  -- Battery C, first Rhode Island light Artillery  -- Battery D, first Rhode Island light Artillery -- Battery E, first Rhode Island light Artillery -- Battery F, first Rhode Island light Artillery -- Battery G, first Rhode Island light Artillery -- Battery H, first Rhode Island light Artillery -- Tenth Rhode Island battery -- United States Army -- United States Navy -- Regiments of other states.</subfield>
  </datafield>
  <datafield tag="520" ind1=" " ind2=" ">
    <subfield code="a">&quot;Rhode Island sent 23,236 men to fight in the Civil War. They served in eight infantry regiments, three heavy artillery regiments, three regiments and one battalion of cavalry, a company of hospital guards and 10 batteries of light artillery. Hundreds more served in the U.S. Army, Navy and Marine Corps. Rhode Islanders participated in nearly every major battle of the war, firing the first volleys at Bull Run, and some of the last at Appomattox. How many died in the Civil War is a question that has long eluded historians. Drawing on a twenty-year study of regimental histories, pension files, letters, diaries, and visits to every cemetery in the state, award-winning Civil War historian Robert Grandchamp documents 2,196 Rhode Islanders who died as a direct result of military service. Each regiment is identified, followed by the name, rank and place of residence for each soldier, the details of their deaths and, where known, their final resting places.&quot;-Provided by publisher.&quot;--</subfield>
    <subfield code="c">Provided by publisher.</subfield>
  </datafield>
  <datafield tag="651" ind1=" " ind2="0">
    <subfield code="a">Rhode Island</subfield>
    <subfield code="x">History</subfield>
    <subfield code="y">Civil War, 1861-1865.</subfield>
  </datafield>
  <datafield tag="651" ind1=" " ind2="0">
    <subfield code="a">United States</subfield>
    <subfield code="x">History</subfield>
    <subfield code="y">Civil War, 1861-1865</subfield>
    <subfield code="v">Registers of dead</subfield>
  </datafield>
  <datafield tag="651" ind1=" " ind2="0">
    <subfield code="a">United States</subfield>
    <subfield code="x">History</subfield>
    <subfield code="y">Civil War, 1861-1865</subfield>
    <subfield code="x">Regimental histories</subfield>
    <subfield code="z">Rhode Island.</subfield>
  </datafield>
</record>