
<record>
  <leader>02994cam a22003618i 4500</leader>
  <controlfield tag="001">21348966</controlfield>
  <controlfield tag="005">20200103081156.0</controlfield>
  <controlfield tag="008">191224s2020    nyu           001 0 eng  </controlfield>
  <datafield tag="906" ind1=" " ind2=" ">
    <subfield code="a">7</subfield>
    <subfield code="b">cbc</subfield>
    <subfield code="c">orignew</subfield>
    <subfield code="d">1</subfield>
    <subfield code="e">ecip</subfield>
    <subfield code="f">20</subfield>
    <subfield code="g">y-gencatlg</subfield>
  </datafield>
  <datafield tag="925" ind1="0" ind2=" ">
    <subfield code="a">acquire</subfield>
    <subfield code="b">1 shelf copy</subfield>
    <subfield code="x">policy default</subfield>
  </datafield>
  <datafield tag="955" ind1=" " ind2=" ">
    <subfield code="b">LBSOR 2019-12-24</subfield>
    <subfield code="e">re06 2020-01-02 (telework)</subfield>
    <subfield code="w">xm08 2020-01-03 (telework)</subfield>
  </datafield>
  <datafield tag="010" ind1=" " ind2=" ">
    <subfield code="a">  2019048699</subfield>
  </datafield>
  <datafield tag="020" ind1=" " ind2=" ">
    <subfield code="a">9781250096630</subfield>
    <subfield code="q">(hardcover)</subfield>
  </datafield>
  <datafield tag="020" ind1=" " ind2=" ">
    <subfield code="z">9781250096647</subfield>
    <subfield code="q">(ebook)</subfield>
  </datafield>
  <datafield tag="040" ind1=" " ind2=" ">
    <subfield code="a">LBSOR/DLC</subfield>
    <subfield code="b">eng</subfield>
    <subfield code="e">rda</subfield>
    <subfield code="c">DLC</subfield>
  </datafield>
  <datafield tag="042" ind1=" " ind2=" ">
    <subfield code="a">pcc</subfield>
  </datafield>
  <datafield tag="050" ind1="0" ind2="0">
    <subfield code="a">GV481</subfield>
    <subfield code="b">.G38 2020</subfield>
  </datafield>
  <datafield tag="082" ind1="0" ind2="0">
    <subfield code="a">613.7</subfield>
    <subfield code="2">23</subfield>
  </datafield>
  <datafield tag="100" ind1="1" ind2=" ">
    <subfield code="a">Gaver, Duffy,</subfield>
    <subfield code="e">author.</subfield>
  </datafield>
  <datafield tag="245" ind1="1" ind2="0">
    <subfield code="a">Hero maker :</subfield>
    <subfield code="b">12 weeks to superhero fit : a Hollywood trainer&apos;s real guide to getting the body you&apos;ve always wanted /</subfield>
    <subfield code="c">Duffy Gaver.</subfield>
  </datafield>
  <datafield tag="250" ind1=" " ind2=" ">
    <subfield code="a">First edition.</subfield>
  </datafield>
  <datafield tag="263" ind1=" " ind2=" ">
    <subfield code="a">2004</subfield>
  </datafield>
  <datafield tag="264" ind1=" " ind2="1">
    <subfield code="a">New York :</subfield>
    <subfield code="b">St. Martin&apos;s Griffin,</subfield>
    <subfield code="c">2020.</subfield>
  </datafield>
  <datafield tag="300" ind1=" " ind2=" ">
    <subfield code="a">pages cm</subfield>
  </datafield>
  <datafield tag="336" ind1=" " ind2=" ">
    <subfield code="a">text</subfield>
    <subfield code="b">txt</subfield>
    <subfield code="2">rdacontent</subfield>
  </datafield>
  <datafield tag="337" ind1=" " ind2=" ">
    <subfield code="a">unmediated</subfield>
    <subfield code="b">n</subfield>
    <subfield code="2">rdamedia</subfield>
  </datafield>
  <datafield tag="338" ind1=" " ind2=" ">
    <subfield code="a">volume</subfield>
    <subfield code="b">nc</subfield>
    <subfield code="2">rdacarrier</subfield>
  </datafield>
  <datafield tag="500" ind1=" " ind2=" ">
    <subfield code="a">Includes index.</subfield>
  </datafield>
  <datafield tag="505" ind1="0" ind2=" ">
    <subfield code="a">The human body is not new -- Why are you doing this? -- Measuring progress -- Introduction to the exercises -- 12 weeks to super hero fit -- More hero workouts -- Cardio &amp; conditioning -- Nutrition -- Recovery -- Final note.</subfield>
  </datafield>
  <datafield tag="520" ind1=" " ind2=" ">
    <subfield code="a">&quot;A breakout training and fitness book by Hollywood trainer and former Navy SEAL, Duffy Gaver, featuring the tried and true workouts used by movie stars like Chris Pratt and Brad Pitt. Former Marine sniper and ex-navy Seal, Duffy Gaver is the unsung hero of Hollywood. As a master trainer to the stars, he has transformed the bodies of actors such as Chris Hemsworth, Chris Pratt, Scarlett Johanson, Brad Pitt and many others. He is a Hero-Maker. Duffy is the owner of his own gym in Santa Monica. He gets the most out of his clients by making them rethink their lives. For Duffy, the fitness industry sells a myth: it&apos;s all about the latest and greatest fads. Back in 1965, Larry Scott won the first Mr. Olympia. There was no Nike. No thermogenic products. No supplement industry. How did he do it then? With his will, his discipline, his desire. The things that big businesses can&apos;t manufacture. The first four minute mile, the first iron man triathlon, and the first world&apos;s strongest man all took place before 99% of today&apos;s companies even existed. What does this prove? None of this stuff is necessary. Inside Hero Maker, Duffy Gaver shares the knowledge and motivational sit-downs that get his stars to take hold of their own bodies. None of these stars bought their way to their impressive physiques; they earned it with old fashioned work and dedication. He will tell you what you need to do to look super heroic, and he will show you how you too can do this if you put yourself to the task. Inside, you will also find some of his game-changing workouts to help get you there&quot;--</subfield>
    <subfield code="c">Provided by publisher.</subfield>
  </datafield>
  <datafield tag="650" ind1=" " ind2="0">
    <subfield code="a">Physical fitness.</subfield>
  </datafield>
  <datafield tag="650" ind1=" " ind2="0">
    <subfield code="a">Exercise.</subfield>
  </datafield>
  <datafield tag="985" ind1=" " ind2=" ">
    <subfield code="a">LBSORCIP</subfield>
    <subfield code="d">2019-12-24</subfield>
  </datafield>
</record>