
<record>
  <leader>01536cam a22003495i 4500</leader>
  <controlfield tag="001">21349146</controlfield>
  <controlfield tag="005">20200103050125.0</controlfield>
  <controlfield tag="008">200102s2019    mr            000 0 ara  </controlfield>
  <datafield tag="906" ind1=" " ind2=" ">
    <subfield code="a">0</subfield>
    <subfield code="b">ibc</subfield>
    <subfield code="c">origode</subfield>
    <subfield code="d">3</subfield>
    <subfield code="e">ncip</subfield>
    <subfield code="f">20</subfield>
    <subfield code="g">y-nonroman</subfield>
  </datafield>
  <datafield tag="925" ind1="0" ind2=" ">
    <subfield code="a">acquire</subfield>
    <subfield code="b">1 shelf copy</subfield>
    <subfield code="x">policy default</subfield>
  </datafield>
  <datafield tag="955" ind1=" " ind2=" ">
    <subfield code="b">we57 2020-01-03 to ASME/ME</subfield>
  </datafield>
  <datafield tag="010" ind1=" " ind2=" ">
    <subfield code="a">  2019444713</subfield>
  </datafield>
  <datafield tag="020" ind1=" " ind2=" ">
    <subfield code="a">9789920967860</subfield>
  </datafield>
  <datafield tag="037" ind1=" " ind2=" ">
    <subfield code="c">100.00 MAD</subfield>
  </datafield>
  <datafield tag="040" ind1=" " ind2=" ">
    <subfield code="a">DLC</subfield>
    <subfield code="b">eng</subfield>
    <subfield code="e">rda</subfield>
    <subfield code="c">DLC</subfield>
  </datafield>
  <datafield tag="042" ind1=" " ind2=" ">
    <subfield code="a">pcc</subfield>
    <subfield code="a">lcode</subfield>
  </datafield>
  <datafield tag="066" ind1=" " ind2=" ">
    <subfield code="c">(3</subfield>
  </datafield>
  <datafield tag="245" ind1="0" ind2="0">
    <subfield code="6">880-02</subfield>
    <subfield code="a">Falsafat al-anwār wa-masʼalat al-tarbīyah /</subfield>
    <subfield code="c">ishrāf wa-tansīq Dh. Aḥmad al-ʻAlamī, Dh. Muḥammad al-Muḥīfīẓ.</subfield>
  </datafield>
  <datafield tag="880" ind1="0" ind2="0">
    <subfield code="6">245-02/(3/r‏</subfield>
    <subfield code="a">‏فلسفة الانوار ومسألة التربية /‏</subfield>
    <subfield code="c">‏إشراف وتنسيق ذ. أحمد العلمي، ذ. محمد المحيفيظ.</subfield>
  </datafield>
  <datafield tag="250" ind1=" " ind2=" ">
    <subfield code="6">880-03</subfield>
    <subfield code="a">al-Ṭabʻah al-ūlá.</subfield>
  </datafield>
  <datafield tag="880" ind1=" " ind2=" ">
    <subfield code="6">250-03/(3/r‏</subfield>
    <subfield code="a">‏الطبعة الأولى.</subfield>
  </datafield>
  <datafield tag="264" ind1=" " ind2="1">
    <subfield code="6">880-04</subfield>
    <subfield code="a">al-Rabāṭ :</subfield>
    <subfield code="b">Dār Abī Raqrāq lil-Ṭibāʻah wa-al-Nashr,</subfield>
    <subfield code="c">2019.</subfield>
  </datafield>
  <datafield tag="880" ind1=" " ind2="1">
    <subfield code="6">264-04/(3/r‏</subfield>
    <subfield code="a">‏الرباط :‏</subfield>
    <subfield code="b">‏دار أبي رقراق للطباعة والنشر،‏</subfield>
    <subfield code="c">‏‪2019‬.</subfield>
  </datafield>
  <datafield tag="300" ind1=" " ind2=" ">
    <subfield code="a">409 pages ;</subfield>
    <subfield code="c">24 cm.</subfield>
  </datafield>
  <datafield tag="336" ind1=" " ind2=" ">
    <subfield code="a">text</subfield>
    <subfield code="b">txt</subfield>
    <subfield code="2">rdacontent</subfield>
  </datafield>
  <datafield tag="337" ind1=" " ind2=" ">
    <subfield code="a">unmediated</subfield>
    <subfield code="b">n</subfield>
    <subfield code="2">rdamedia</subfield>
  </datafield>
  <datafield tag="338" ind1=" " ind2=" ">
    <subfield code="a">volume</subfield>
    <subfield code="b">nc</subfield>
    <subfield code="2">rdacarrier</subfield>
  </datafield>
  <datafield tag="490" ind1="0" ind2=" ">
    <subfield code="6">880-05</subfield>
    <subfield code="a">Falsafah wa-Islāmīyāt</subfield>
  </datafield>
  <datafield tag="880" ind1="0" ind2=" ">
    <subfield code="6">490-05/(3/r‏</subfield>
    <subfield code="a">‏فلسفة وإسلاميات</subfield>
  </datafield>
  <datafield tag="520" ind1=" " ind2=" ">
    <subfield code="a">Education; philosophy; educational change; congresses.</subfield>
  </datafield>
  <datafield tag="700" ind1="1" ind2=" ">
    <subfield code="a">ʻAlamī, Aḥmad,</subfield>
    <subfield code="e">editor.</subfield>
  </datafield>
  <datafield tag="985" ind1=" " ind2=" ">
    <subfield code="e">ODE-ca</subfield>
  </datafield>
</record>